@ARTICLE{2011ApJ...732...48R,
       author = {{Rudick}, Craig S. and {Mihos}, J. Christopher and {McBride}, Cameron K.},
        title = "{The Quantity of Intracluster Light: Comparing Theoretical and Observational Measurement Techniques using Simulated Clusters}",
      journal = {\apj},
     keywords = {galaxies: clusters: general, galaxies: evolution, galaxies: interactions, galaxies: kinematics and dynamics, methods: numerical, Astrophysics - Cosmology and Nongalactic Astrophysics},
         year = 2011,
        month = may,
       volume = {732},
       number = {1},
          eid = {48},
        pages = {48},
          doi = {10.1088/0004-637X/732/1/48},
archivePrefix = {arXiv},
       eprint = {1103.1215},
 primaryClass = {astro-ph.CO},
       adsurl = {https://ui.adsabs.harvard.edu/abs/2011ApJ...732...48R},
      adsnote = {Provided by the SAO/NASA Astrophysics Data System}
}

@ARTICLE{2007MNRAS.378.1575S,
       author = {{Seigar}, Marc S. and {Graham}, Alister W. and {Jerjen}, Helmut},
        title = "{Intracluster light and the extended stellar envelopes of cD galaxies: an analytical description}",
      journal = {\mnras},
     keywords = {galaxies: elliptical and lenticular, cD, galaxies: formation, galaxies: fundamental parameters, galaxies: haloes, galaxies: structure, Astrophysics},
         year = 2007,
        month = jul,
       volume = {378},
       number = {4},
        pages = {1575-1588},
          doi = {10.1111/j.1365-2966.2007.11899.x},
archivePrefix = {arXiv},
       eprint = {astro-ph/0612229},
 primaryClass = {astro-ph},
       adsurl = {https://ui.adsabs.harvard.edu/abs/2007MNRAS.378.1575S},
      adsnote = {Provided by the SAO/NASA Astrophysics Data System}
}

@ARTICLE{2010MNRAS.406..936P,
       author = {{Puchwein}, Ewald and {Springel}, Volker and {Sijacki}, Debora and {Dolag}, Klaus},
        title = "{Intracluster stars in simulations with active galactic nucleus feedback}",
      journal = {\mnras},
     keywords = {black hole physics, methods: numerical, galaxies: clusters: general, galaxies: formation, cosmology: theory, Astrophysics - Cosmology and Nongalactic Astrophysics},
         year = 2010,
        month = aug,
       volume = {406},
       number = {2},
        pages = {936-951},
          doi = {10.1111/j.1365-2966.2010.16786.x},
archivePrefix = {arXiv},
       eprint = {1001.3018},
 primaryClass = {astro-ph.CO},
       adsurl = {https://ui.adsabs.harvard.edu/abs/2010MNRAS.406..936P},
      adsnote = {Provided by the SAO/NASA Astrophysics Data System}
}

@ARTICLE{2017ApJ...846..139M,
       author = {{Morishita}, Takahiro and {Abramson}, Louis E. and {Treu}, Tommaso and {Schmidt}, Kasper B. and {Vulcani}, Benedetta and {Wang}, Xin},
        title = "{Characterizing Intracluster Light in the Hubble Frontier Fields}",
      journal = {\apj},
     keywords = {galaxies: clusters: general, galaxies: clusters: intracluster medium, galaxies: evolution, Astrophysics - Astrophysics of Galaxies},
         year = 2017,
        month = sep,
       volume = {846},
       number = {2},
          eid = {139},
        pages = {139},
          doi = {10.3847/1538-4357/aa8403},
archivePrefix = {arXiv},
       eprint = {1610.08503},
 primaryClass = {astro-ph.GA},
       adsurl = {https://ui.adsabs.harvard.edu/abs/2017ApJ...846..139M},
      adsnote = {Provided by the SAO/NASA Astrophysics Data System}
}

@ARTICLE{2020ApJS..247...43K,
       author = {{Kluge}, M. and {Neureiter}, B. and {Riffeser}, A. and {Bender}, R. and {Goessl}, C. and {Hopp}, U. and {Schmidt}, M. and {Ries}, C. and {Brosch}, N.},
        title = "{Structure of Brightest Cluster Galaxies and Intracluster Light}",
      journal = {\apjs},
     keywords = {209, 595, 598, 1670, 2031, 181, Astrophysics - Astrophysics of Galaxies},
         year = 2020,
        month = apr,
       volume = {247},
       number = {2},
          eid = {43},
        pages = {43},
          doi = {10.3847/1538-4365/ab733b},
archivePrefix = {arXiv},
       eprint = {1908.08544},
 primaryClass = {astro-ph.GA},
       adsurl = {https://ui.adsabs.harvard.edu/abs/2020ApJS..247...43K},
      adsnote = {Provided by the SAO/NASA Astrophysics Data System}
}

@ARTICLE{2019ApJ...874..165Z,
       author = {{Zhang}, Y. and {Yanny}, B. and {Palmese}, A. and {Gruen}, D. and {To}, C. and {Rykoff}, E.~S. and {Leung}, Y. and {Collins}, C. and {Hilton}, M. and {Abbott}, T.~M.~C. and {Annis}, J. and {Avila}, S. and {Bertin}, E. and {Brooks}, D. and {Burke}, D.~L. and {Carnero Rosell}, A. and {Carrasco Kind}, M. and {Carretero}, J. and {Cunha}, C.~E. and {D'Andrea}, C.~B. and {da Costa}, L.~N. and {De Vicente}, J. and {Desai}, S. and {Diehl}, H.~T. and {Dietrich}, J.~P. and {Doel}, P. and {Drlica-Wagner}, A. and {Eifler}, T.~F. and {Evrard}, A.~E. and {Flaugher}, B. and {Fosalba}, P. and {Frieman}, J. and {Garc{\'\i}a-Bellido}, J. and {Gaztanaga}, E. and {Gerdes}, D.~W. and {Gruendl}, R.~A. and {Gschwend}, J. and {Gutierrez}, G. and {Hartley}, W.~G. and {Hollowood}, D.~L. and {Honscheid}, K. and {Hoyle}, B. and {James}, D.~J. and {Jeltema}, T. and {Kuehn}, K. and {Kuropatkin}, N. and {Li}, T.~S. and {Lima}, M. and {Maia}, M.~A.~G. and {March}, M. and {Marshall}, J.~L. and {Melchior}, P. and {Menanteau}, F. and {Miller}, C.~J. and {Miquel}, R. and {Mohr}, J.~J. and {Ogando}, R.~L.~C. and {Plazas}, A.~A. and {Romer}, A.~K. and {Sanchez}, E. and {Scarpine}, V. and {Schubnell}, M. and {Serrano}, S. and {Sevilla-Noarbe}, I. and {Smith}, M. and {Soares-Santos}, M. and {Sobreira}, F. and {Suchyta}, E. and {Swanson}, M.~E.~C. and {Tarle}, G. and {Thomas}, D. and {Wester}, W. and {DES Collaboration}},
        title = "{Dark Energy Survey Year 1 Results: Detection of Intracluster Light at Redshift {\ensuremath{\sim}} 0.25}",
      journal = {\apj},
     keywords = {galaxies: clusters: general, galaxies: evolution, Astrophysics - Cosmology and Nongalactic Astrophysics, Astrophysics - Astrophysics of Galaxies},
         year = 2019,
        month = apr,
       volume = {874},
       number = {2},
          eid = {165},
        pages = {165},
          doi = {10.3847/1538-4357/ab0dfd},
archivePrefix = {arXiv},
       eprint = {1812.04004},
 primaryClass = {astro-ph.CO},
       adsurl = {https://ui.adsabs.harvard.edu/abs/2019ApJ...874..165Z},
      adsnote = {Provided by the SAO/NASA Astrophysics Data System}
}

@ARTICLE{2021ApJ...910...45M,
       author = {{Montes}, Mireia and {Brough}, Sarah and {Owers}, Matt S. and {Santucci}, Giulia},
        title = "{The Buildup of the Intracluster Light of A85 as Seen by Subaru's Hyper Suprime-Cam}",
      journal = {\apj},
     keywords = {Galaxy clusters, Abell clusters, Galactic and extragalactic astronomy, Galaxy stellar halos, Photometry, Stellar populations, 584, 9, 563, 598, 1234, 1622, Astrophysics - Astrophysics of Galaxies, Astrophysics - Cosmology and Nongalactic Astrophysics},
         year = 2021,
        month = mar,
       volume = {910},
       number = {1},
          eid = {45},
        pages = {45},
          doi = {10.3847/1538-4357/abddb6},
archivePrefix = {arXiv},
       eprint = {2101.08290},
 primaryClass = {astro-ph.GA},
       adsurl = {https://ui.adsabs.harvard.edu/abs/2021ApJ...910...45M},
      adsnote = {Provided by the SAO/NASA Astrophysics Data System}
}

@ARTICLE{2007MNRAS.377....2M,
       author = {{Murante}, Giuseppe and {Giovalli}, Martina and {Gerhard}, Ortwin and {Arnaboldi}, Magda and {Borgani}, Stefano and {Dolag}, Klaus},
        title = "{The importance of mergers for the origin of intracluster stars in cosmological simulations of galaxy clusters}",
      journal = {\mnras},
     keywords = {galaxies: clusters: general, galaxies: elliptical and lenticular, cD, galaxies: evolution, Astrophysics},
         year = 2007,
        month = may,
       volume = {377},
       number = {1},
        pages = {2-16},
          doi = {10.1111/j.1365-2966.2007.11568.x},
archivePrefix = {arXiv},
       eprint = {astro-ph/0701925},
 primaryClass = {astro-ph},
       adsurl = {https://ui.adsabs.harvard.edu/abs/2007MNRAS.377....2M},
      adsnote = {Provided by the SAO/NASA Astrophysics Data System}
}

@ARTICLE{2014MNRAS.437.3787C,
       author = {{Contini}, E. and {De Lucia}, G. and {Villalobos}, {\'A}. and {Borgani}, S.},
        title = "{On the formation and physical properties of the intracluster light in hierarchical galaxy formation models}",
      journal = {\mnras},
     keywords = {galaxies: clusters: general, galaxies: evolution, galaxies: formation, Astrophysics - Cosmology and Nongalactic Astrophysics},
         year = 2014,
        month = feb,
       volume = {437},
       number = {4},
        pages = {3787-3802},
          doi = {10.1093/mnras/stt2174},
archivePrefix = {arXiv},
       eprint = {1311.2076},
 primaryClass = {astro-ph.CO},
       adsurl = {https://ui.adsabs.harvard.edu/abs/2014MNRAS.437.3787C},
      adsnote = {Provided by the SAO/NASA Astrophysics Data System}
}

@ARTICLE{2018MNRAS.479..932C,
       author = {{Contini}, E. and {Yi}, S.~K. and {Kang}, X.},
        title = "{The different growth pathways of brightest cluster galaxies and intracluster light}",
      journal = {\mnras},
     keywords = {galaxy: formation, galaxies: evolution, Astrophysics - Astrophysics of Galaxies},
         year = 2018,
        month = sep,
       volume = {479},
       number = {1},
        pages = {932-944},
          doi = {10.1093/mnras/sty1518},
archivePrefix = {arXiv},
       eprint = {1806.01480},
 primaryClass = {astro-ph.GA},
       adsurl = {https://ui.adsabs.harvard.edu/abs/2018MNRAS.479..932C},
      adsnote = {Provided by the SAO/NASA Astrophysics Data System}
}

@ARTICLE{2019ApJ...871...24C,
       author = {{Contini}, E. and {Yi}, S.~K. and {Kang}, X.},
        title = "{Theoretical Predictions of Colors and Metallicity of the Intracluster Light}",
      journal = {\apj},
     keywords = {galaxies: clusters: general, Astrophysics - Astrophysics of Galaxies},
         year = 2019,
        month = jan,
       volume = {871},
       number = {1},
          eid = {24},
        pages = {24},
          doi = {10.3847/1538-4357/aaf41f},
archivePrefix = {arXiv},
       eprint = {1811.03253},
 primaryClass = {astro-ph.GA},
       adsurl = {https://ui.adsabs.harvard.edu/abs/2019ApJ...871...24C},
      adsnote = {Provided by the SAO/NASA Astrophysics Data System}
}

@ARTICLE{2015MNRAS.448.1162D,
       author = {{DeMaio}, Tahlia and {Gonzalez}, Anthony H. and {Zabludoff}, Ann and {Zaritsky}, Dennis and {Brada{\v{c}}}, Maru{\v{s}}a},
        title = "{On the origin of the intracluster light in massive galaxy clusters}",
      journal = {\mnras},
     keywords = {galaxies: clusters: general, galaxies: elliptical and lenticular, cD, galaxies: evolution, galaxies: formation, Astrophysics - Astrophysics of Galaxies, Astrophysics - Cosmology and Nongalactic Astrophysics},
         year = 2015,
        month = apr,
       volume = {448},
       number = {2},
        pages = {1162-1177},
          doi = {10.1093/mnras/stv033},
archivePrefix = {arXiv},
       eprint = {1501.02251},
 primaryClass = {astro-ph.GA},
       adsurl = {https://ui.adsabs.harvard.edu/abs/2015MNRAS.448.1162D},
      adsnote = {Provided by the SAO/NASA Astrophysics Data System}
}

@ARTICLE{2018MNRAS.474.3009D,
       author = {{DeMaio}, Tahlia and {Gonzalez}, Anthony H. and {Zabludoff}, Ann and {Zaritsky}, Dennis and {Connor}, Thomas and {Donahue}, Megan and {Mulchaey}, John S.},
        title = "{Lost but not forgotten: intracluster light in galaxy groups and clusters}",
      journal = {\mnras},
     keywords = {galaxies: clusters: general, galaxies: elliptical and lenticular, cD, galaxies: evolution, galaxies: formation, Astrophysics - Astrophysics of Galaxies},
         year = 2018,
        month = mar,
       volume = {474},
       number = {3},
        pages = {3009-3031},
          doi = {10.1093/mnras/stx2946},
archivePrefix = {arXiv},
       eprint = {1710.11313},
 primaryClass = {astro-ph.GA},
       adsurl = {https://ui.adsabs.harvard.edu/abs/2018MNRAS.474.3009D},
      adsnote = {Provided by the SAO/NASA Astrophysics Data System}
}

@ARTICLE{2015MNRAS.449.2353B,
       author = {{Burke}, Claire and {Hilton}, Matt and {Collins}, Chris},
        title = "{Coevolution of brightest cluster galaxies and intracluster light using CLASH}",
      journal = {\mnras},
     keywords = {galaxies: clusters: general, galaxies: clusters: intracluster medium, galaxies: elliptical and lenticular, cD, galaxies: evolution, galaxies: interactions, Astrophysics - Cosmology and Nongalactic Astrophysics, Astrophysics - Astrophysics of Galaxies},
         year = 2015,
        month = may,
       volume = {449},
       number = {3},
        pages = {2353-2367},
          doi = {10.1093/mnras/stv450},
archivePrefix = {arXiv},
       eprint = {1503.04321},
 primaryClass = {astro-ph.CO},
       adsurl = {https://ui.adsabs.harvard.edu/abs/2015MNRAS.449.2353B},
      adsnote = {Provided by the SAO/NASA Astrophysics Data System}
}

@ARTICLE{2018MNRAS.474..917M,
       author = {{Montes}, Mireia and {Trujillo}, Ignacio},
        title = "{Intracluster light at the Frontier - II. The Frontier Fields Clusters}",
      journal = {\mnras},
     keywords = {galaxies: clusters: general, galaxies: evolution, galaxies: haloes, galaxies: photometry, Astrophysics - Cosmology and Nongalactic Astrophysics, Astrophysics - Astrophysics of Galaxies},
         year = 2018,
        month = feb,
       volume = {474},
       number = {1},
        pages = {917-932},
          doi = {10.1093/mnras/stx2847},
archivePrefix = {arXiv},
       eprint = {1710.03240},
 primaryClass = {astro-ph.CO},
       adsurl = {https://ui.adsabs.harvard.edu/abs/2018MNRAS.474..917M},
      adsnote = {Provided by the SAO/NASA Astrophysics Data System}
}

@ARTICLE{2008A&A...483..727P,
       author = {{Pierini}, D. and {Zibetti}, S. and {Braglia}, F. and {B{\"o}hringer}, H. and {Finoguenov}, A. and {Lynam}, P.~D. and {Zhang}, Y. -Y.},
        title = "{Diffuse stellar emission in X-ray luminous galaxy clusters at z \raisebox{-0.5ex}\textasciitilde 0.3. I. Is the diffuse optical light boosted and rejuvenated in merging clusters?}",
      journal = {\aap},
     keywords = {X-rays: galaxies: clusters, galaxies: clusters: general, galaxies: elliptical and lenticular, cD, galaxies: evolution, galaxies: interactions, diffuse radiation, Astrophysics},
         year = 2008,
        month = jun,
       volume = {483},
       number = {3},
        pages = {727-739},
          doi = {10.1051/0004-6361:200809400},
archivePrefix = {arXiv},
       eprint = {0804.0299},
 primaryClass = {astro-ph},
       adsurl = {https://ui.adsabs.harvard.edu/abs/2008A&A...483..727P},
      adsnote = {Provided by the SAO/NASA Astrophysics Data System}
}

@ARTICLE{2011A&A...528A..24V,
       author = {{Ventimiglia}, G. and {Arnaboldi}, M. and {Gerhard}, O.},
        title = "{The unmixed kinematics and origins of diffuse stellar light in the core of the Hydra I cluster (Abell 1060)}",
      journal = {\aap},
     keywords = {galaxies: clusters: general, galaxies: clusters: individual: hydra I, galaxies: elliptical and lenticular, cD, galaxies: individual: NGC 3311, planetary nebulae: general, Astrophysics - Cosmology and Nongalactic Astrophysics},
         year = 2011,
        month = apr,
       volume = {528},
          eid = {A24},
        pages = {A24},
          doi = {10.1051/0004-6361/201015982},
archivePrefix = {arXiv},
       eprint = {1101.3786},
 primaryClass = {astro-ph.CO},
       adsurl = {https://ui.adsabs.harvard.edu/abs/2011A&A...528A..24V},
      adsnote = {Provided by the SAO/NASA Astrophysics Data System}
}

@ARTICLE{2018ApJ...857...79J,
       author = {{Jim{\'e}nez-Teja}, Yolanda and {Dupke}, Renato and {Ben{\'\i}tez}, Narciso and {Koekemoer}, Anton M. and {Zitrin}, Adi and {Umetsu}, Keiichi and {Ziegler}, Bodo L. and {Frye}, Brenda L. and {Ford}, Holland and {Bouwens}, Rychard J. and {Bradley}, Larry D. and {Broadhurst}, Thomas and {Coe}, Dan and {Donahue}, Megan and {Graves}, Genevieve J. and {Grillo}, Claudio and {Infante}, Leopoldo and {Jouvel}, Stephanie and {Kelson}, Daniel D. and {Lahav}, Ofer and {Lazkoz}, Ruth and {Lemze}, Dorom and {Maoz}, Dan and {Medezinski}, Elinor and {Melchior}, Peter and {Meneghetti}, Massimo and {Mercurio}, Amata and {Merten}, Julian and {Molino}, Alberto and {Moustakas}, Leonidas A. and {Nonino}, Mario and {Ogaz}, Sara and {Riess}, Adam G. and {Rosati}, Piero and {Sayers}, Jack and {Seitz}, Stella and {Zheng}, Wei},
        title = "{Unveiling the Dynamical State of Massive Clusters through the ICL Fraction}",
      journal = {\apj},
     keywords = {galaxies: clusters: general, techniques: image processing, Astrophysics - Astrophysics of Galaxies},
         year = 2018,
        month = apr,
       volume = {857},
       number = {2},
          eid = {79},
        pages = {79},
          doi = {10.3847/1538-4357/aab70f},
archivePrefix = {arXiv},
       eprint = {1803.04981},
 primaryClass = {astro-ph.GA},
       adsurl = {https://ui.adsabs.harvard.edu/abs/2018ApJ...857...79J},
      adsnote = {Provided by the SAO/NASA Astrophysics Data System}
}

@ARTICLE{2021MNRAS.501.1300S,
       author = {{Sampaio-Santos}, H. and {Zhang}, Y. and {Ogando}, R.~L.~C. and {Shin}, T. and {Golden-Marx}, Jesse B. and {Yanny}, B. and {Herner}, K. and {Hilton}, M. and {Choi}, A. and {Gatti}, M. and {Gruen}, D. and {Hoyle}, B. and {Rau}, M.~M. and {De Vicente}, J. and {Zuntz}, J. and {Abbott}, T.~M.~C. and {Aguena}, M. and {Allam}, S. and {Annis}, J. and {Avila}, S. and {Bertin}, E. and {Brooks}, D. and {Burke}, D.~L. and {Carrasco Kind}, M. and {Carretero}, J. and {Chang}, C. and {Costanzi}, M. and {da Costa}, L.~N. and {Diehl}, H.~T. and {Doel}, P. and {Everett}, S. and {Evrard}, A.~E. and {Flaugher}, B. and {Fosalba}, P. and {Frieman}, J. and {Garc{\'\i}a-Bellido}, J. and {Gaztanaga}, E. and {Gerdes}, D.~W. and {Gruendl}, R.~A. and {Gschwend}, J. and {Gutierrez}, G. and {Hinton}, S.~R. and {Hollowood}, D.~L. and {Honscheid}, K. and {James}, D.~J. and {Jarvis}, M. and {Jeltema}, T. and {Kuehn}, K. and {Kuropatkin}, N. and {Lahav}, O. and {Maia}, M.~A.~G. and {March}, M. and {Marshall}, J.~L. and {Miquel}, R. and {Palmese}, A. and {Paz-Chinch{\'o}n}, F. and {Plazas}, A.~A. and {Sanchez}, E. and {Santiago}, B. and {Scarpine}, V. and {Schubnell}, M. and {Smith}, M. and {Suchyta}, E. and {Tarle}, G. and {Tucker}, D.~L. and {Varga}, T.~N. and {Wechsler}, R.~H.},
        title = "{Is diffuse intracluster light a good tracer of the galaxy cluster matter distribution?}",
      journal = {\mnras},
     keywords = {galaxies: clusters: general, galaxies: photometry, dark matter, Astrophysics - Astrophysics of Galaxies, Astrophysics - Cosmology and Nongalactic Astrophysics},
         year = 2021,
        month = feb,
       volume = {501},
       number = {1},
        pages = {1300-1315},
          doi = {10.1093/mnras/staa3680},
archivePrefix = {arXiv},
       eprint = {2005.12275},
 primaryClass = {astro-ph.GA},
       adsurl = {https://ui.adsabs.harvard.edu/abs/2021MNRAS.501.1300S},
      adsnote = {Provided by the SAO/NASA Astrophysics Data System}
}

@ARTICLE{2021ApJS..252...27K,
       author = {{Kluge}, M. and {Bender}, R. and {Riffeser}, A. and {Goessl}, C. and {Hopp}, U. and {Schmidt}, M. and {Ries}, C.},
        title = "{Photometric Dissection of Intracluster Light and Its Correlations with Host Cluster Properties}",
      journal = {\apjs},
     keywords = {Brightest cluster galaxies, Galaxy clusters, Galaxy stellar halos, Surface photometry, Scaling relations, 181, 584, 598, 1670, 2031, Astrophysics - Astrophysics of Galaxies},
         year = 2021,
        month = feb,
       volume = {252},
       number = {2},
          eid = {27},
        pages = {27},
          doi = {10.3847/1538-4365/abcda6},
archivePrefix = {arXiv},
       eprint = {2011.12992},
 primaryClass = {astro-ph.GA},
       adsurl = {https://ui.adsabs.harvard.edu/abs/2021ApJS..252...27K},
      adsnote = {Provided by the SAO/NASA Astrophysics Data System}
}

@ARTICLE{2019MNRAS.482.2838M,
       author = {{Montes}, Mireia and {Trujillo}, Ignacio},
        title = "{Intracluster light: a luminous tracer for dark matter in clusters of galaxies}",
      journal = {\mnras},
     keywords = {galaxies: evolution, galaxies: haloes, galaxies: photometry, dark matter, Astrophysics - Astrophysics of Galaxies, Astrophysics - Cosmology and Nongalactic Astrophysics},
         year = 2019,
        month = jan,
       volume = {482},
       number = {2},
        pages = {2838-2851},
          doi = {10.1093/mnras/sty2858},
archivePrefix = {arXiv},
       eprint = {1807.11488},
 primaryClass = {astro-ph.GA},
       adsurl = {https://ui.adsabs.harvard.edu/abs/2019MNRAS.482.2838M},
      adsnote = {Provided by the SAO/NASA Astrophysics Data System}
}

@ARTICLE{2018MNRAS.475..648P,
       author = {{Pillepich}, Annalisa and {Nelson}, Dylan and {Hernquist}, Lars and {Springel}, Volker and {Pakmor}, R{\"u}diger and {Torrey}, Paul and {Weinberger}, Rainer and {Genel}, Shy and {Naiman}, Jill P. and {Marinacci}, Federico and {Vogelsberger}, Mark},
        title = "{First results from the IllustrisTNG simulations: the stellar mass content of groups and clusters of galaxies}",
      journal = {\mnras},
     keywords = {methods: numerical, galaxies: clusters: general, galaxies: general, galaxies: groups: general, cosmology: theory, Astrophysics - Astrophysics of Galaxies, Astrophysics - Cosmology and Nongalactic Astrophysics},
         year = 2018,
        month = mar,
       volume = {475},
       number = {1},
        pages = {648-675},
          doi = {10.1093/mnras/stx3112},
archivePrefix = {arXiv},
       eprint = {1707.03406},
 primaryClass = {astro-ph.GA},
       adsurl = {https://ui.adsabs.harvard.edu/abs/2018MNRAS.475..648P},
      adsnote = {Provided by the SAO/NASA Astrophysics Data System}
}

@ARTICLE{2021arXiv210704180C,
       author = {{Contini}, Emanuele},
        title = "{On The Origin And Evolution Of The Intra-Cluster Light: A Brief Review Of The Most Recent Developments}",
      journal = {arXiv e-prints},
     keywords = {Astrophysics - Astrophysics of Galaxies},
         year = 2021,
        month = jul,
          eid = {arXiv:2107.04180},
        pages = {arXiv:2107.04180},
archivePrefix = {arXiv},
       eprint = {2107.04180},
 primaryClass = {astro-ph.GA},
       adsurl = {https://ui.adsabs.harvard.edu/abs/2021arXiv210704180C},
      adsnote = {Provided by the SAO/NASA Astrophysics Data System}
}

@ARTICLE{2014ApJ...781...24G,
       author = {{Giallongo}, E. and {Menci}, N. and {Grazian}, A. and {Gallozzi}, S. and {Castellano}, M. and {Fiore}, F. and {Fontana}, A. and {Pentericci}, L. and {Boutsia}, K. and {Paris}, D. and {Speziali}, R. and {Testa}, V.},
        title = "{Diffuse Optical Intracluster Light as a Measure of Stellar Tidal Stripping: The Cluster CL0024+17 at z \raisebox{-0.5ex}\textasciitilde 0.4 Observed at the Large Binocular Telescope}",
      journal = {\apj},
     keywords = {galaxies: active, galaxies: clusters: general, galaxies: clusters: individual: Cl0024+1654, Astrophysics - Cosmology and Nongalactic Astrophysics},
         year = 2014,
        month = jan,
       volume = {781},
       number = {1},
          eid = {24},
        pages = {24},
          doi = {10.1088/0004-637X/781/1/24},
archivePrefix = {arXiv},
       eprint = {1311.1921},
 primaryClass = {astro-ph.CO},
       adsurl = {https://ui.adsabs.harvard.edu/abs/2014ApJ...781...24G},
      adsnote = {Provided by the SAO/NASA Astrophysics Data System}
}

@ARTICLE{2017MNRAS.468.2569B,
       author = {{Bernardi}, M. and {Fischer}, J. -L. and {Sheth}, R.~K. and {Meert}, A. and {Huertas-Company}, M. and {Shankar}, F. and {Vikram}, V.},
        title = "{Comparing pymorph and SDSS photometry - II. The differences are more than semantics and are not dominated by intracluster light}",
      journal = {\mnras},
     keywords = {galaxies: clusters: intracluster medium, galaxies: formation, galaxies: fundamental parameters, galaxies: photometry, Astrophysics - Astrophysics of Galaxies, Astrophysics - Cosmology and Nongalactic Astrophysics},
         year = 2017,
        month = jul,
       volume = {468},
       number = {3},
        pages = {2569-2581},
          doi = {10.1093/mnras/stx677},
archivePrefix = {arXiv},
       eprint = {1702.08527},
 primaryClass = {astro-ph.GA},
       adsurl = {https://ui.adsabs.harvard.edu/abs/2017MNRAS.468.2569B},
      adsnote = {Provided by the SAO/NASA Astrophysics Data System}
}

@ARTICLE{2017Galax...5...49R,
       author = {{Remus}, Rhea-Silvia and {Dolag}, Klaus and {Hoffmann}, Tadziu},
        title = "{The Outer Halos of Very Massive Galaxies: BCGs and their DSC in the Magneticum Simulations}",
      journal = {Galaxies},
     keywords = {Astrophysics - Astrophysics of Galaxies, Astrophysics - Cosmology and Nongalactic Astrophysics},
         year = 2017,
        month = sep,
       volume = {5},
       number = {3},
        pages = {49},
          doi = {10.3390/galaxies5030049},
archivePrefix = {arXiv},
       eprint = {1709.02393},
 primaryClass = {astro-ph.GA},
       adsurl = {https://ui.adsabs.harvard.edu/abs/2017Galax...5...49R},
      adsnote = {Provided by the SAO/NASA Astrophysics Data System}
}

@ARTICLE{2017ApJ...849....6A,
       author = {{Alamo-Mart{\'\i}nez}, K.~A. and {Blakeslee}, J.~P.},
        title = "{Specific Frequencies and Luminosity Profiles of Cluster Galaxies and Intracluster Light in Abell 1689}",
      journal = {\apj},
     keywords = {galaxies: clusters: individual: Abell 1689, galaxies: elliptical and lenticular, cD, galaxies: star clusters: general, globular clusters: general, Astrophysics - Astrophysics of Galaxies},
         year = 2017,
        month = nov,
       volume = {849},
       number = {1},
          eid = {6},
        pages = {6},
          doi = {10.3847/1538-4357/aa8f44},
archivePrefix = {arXiv},
       eprint = {1710.01322},
 primaryClass = {astro-ph.GA},
       adsurl = {https://ui.adsabs.harvard.edu/abs/2017ApJ...849....6A},
      adsnote = {Provided by the SAO/NASA Astrophysics Data System}
}

@ARTICLE{2021MNRAS.502.2419F,
       author = {{Furnell}, Kate E. and {Collins}, Chris A. and {Kelvin}, Lee S. and {Baldry}, Ivan K. and {James}, Phil A. and {Manolopoulou}, Maria and {Mann}, Robert G. and {Giles}, Paul A. and {Bermeo}, Alberto and {Hilton}, Matthew and {Wilkinson}, Reese and {Romer}, A. Kathy and {Vergara}, Carlos and {Bhargava}, Sunayana and {Stott}, John P. and {Mayers}, Julian and {Viana}, Pedro},
        title = "{The growth of intracluster light in XCS-HSC galaxy clusters from 0.1 < z < 0.5}",
      journal = {\mnras},
     keywords = {galaxies, cosmology, galaxy clusters, Astrophysics - Astrophysics of Galaxies},
         year = 2021,
        month = apr,
       volume = {502},
       number = {2},
        pages = {2419-2437},
          doi = {10.1093/mnras/stab065},
archivePrefix = {arXiv},
       eprint = {2101.01644},
 primaryClass = {astro-ph.GA},
       adsurl = {https://ui.adsabs.harvard.edu/abs/2021MNRAS.502.2419F},
      adsnote = {Provided by the SAO/NASA Astrophysics Data System}
}

@ARTICLE{2018ApJ...862...95K,
       author = {{Ko}, Jongwan and {Jee}, M. James},
        title = "{Evidence for the Existence of Abundant Intracluster Light at z = 1.24}",
      journal = {\apj},
     keywords = {galaxies: clusters: individual: MOO J1014+0038, galaxies: elliptical and lenticular, cD, galaxies: evolution, galaxies: high-redshift, Astrophysics - Astrophysics of Galaxies},
         year = 2018,
        month = aug,
       volume = {862},
       number = {2},
          eid = {95},
        pages = {95},
          doi = {10.3847/1538-4357/aacbda},
archivePrefix = {arXiv},
       eprint = {1806.02687},
 primaryClass = {astro-ph.GA},
       adsurl = {https://ui.adsabs.harvard.edu/abs/2018ApJ...862...95K},
      adsnote = {Provided by the SAO/NASA Astrophysics Data System}
}



@ARTICLE{2007ApJ...666...20P,
       author = {{Purcell}, Chris W. and {Bullock}, James S. and {Zentner}, Andrew R.},
        title = "{Shredded Galaxies as the Source of Diffuse Intrahalo Light on Varying Scales}",
      journal = {\apj},
     keywords = {Cosmology: Theory, Galaxies: Evolution, Galaxies: Formation, Astrophysics},
         year = 2007,
        month = sep,
       volume = {666},
       number = {1},
        pages = {20-33},
          doi = {10.1086/519787},
archivePrefix = {arXiv},
       eprint = {astro-ph/0703004},
 primaryClass = {astro-ph},
       adsurl = {https://ui.adsabs.harvard.edu/abs/2007ApJ...666...20P},
      adsnote = {Provided by the SAO/NASA Astrophysics Data System}
}

@ARTICLE{2009ApJ...699.1518R,
       author = {{Rudick}, Craig S. and {Mihos}, J. Christopher and {Frey}, Lucille H. and {McBride}, Cameron K.},
        title = "{Tidal Streams of Intracluster Light}",
      journal = {\apj},
     keywords = {galaxies: clusters: general, galaxies: evolution, galaxies: interactions, galaxies: kinematics and dynamics, methods: N-body simulations, Astrophysics - Galaxy Astrophysics, Astrophysics - Cosmology and Extragalactic Astrophysics},
         year = 2009,
        month = jul,
       volume = {699},
       number = {2},
        pages = {1518-1529},
          doi = {10.1088/0004-637X/699/2/1518},
archivePrefix = {arXiv},
       eprint = {0906.1185},
 primaryClass = {astro-ph.GA},
       adsurl = {https://ui.adsabs.harvard.edu/abs/2009ApJ...699.1518R},
      adsnote = {Provided by the SAO/NASA Astrophysics Data System}
}

@ARTICLE{2007ApJ...668..826C,
       author = {{Conroy}, Charlie and {Wechsler}, Risa H. and {Kravtsov}, Andrey V.},
        title = "{The Hierarchical Build-Up of Massive Galaxies and the Intracluster Light since z = 1}",
      journal = {\apj},
     keywords = {Cosmology: Theory, Cosmology: Dark Matter, Galaxies: Clusters: General, Galaxies: Evolution, Galaxies: Halos, Galaxies: Luminosity Function, Mass Function, Astrophysics},
         year = 2007,
        month = oct,
       volume = {668},
       number = {2},
        pages = {826-838},
          doi = {10.1086/521425},
archivePrefix = {arXiv},
       eprint = {astro-ph/0703374},
 primaryClass = {astro-ph},
       adsurl = {https://ui.adsabs.harvard.edu/abs/2007ApJ...668..826C},
      adsnote = {Provided by the SAO/NASA Astrophysics Data System}
}

@ARTICLE{2012MNRAS.427..850M,
       author = {{Melnick}, J. and {Giraud}, E. and {Toledo}, I. and {Selman}, F. and {Quintana}, H.},
        title = "{Intergalactic stellar populations in intermediate redshift clusters}",
      journal = {\mnras},
     keywords = {galaxies: abundances, galaxies: intracluster medium, galaxies: formation, galaxies: interactions, galaxies: stellar content, Astrophysics - Cosmology and Nongalactic Astrophysics},
         year = 2012,
        month = nov,
       volume = {427},
       number = {1},
        pages = {850-858},
          doi = {10.1111/j.1365-2966.2012.21924.x},
archivePrefix = {arXiv},
       eprint = {1207.6394},
 primaryClass = {astro-ph.CO},
       adsurl = {https://ui.adsabs.harvard.edu/abs/2012MNRAS.427..850M},
      adsnote = {Provided by the SAO/NASA Astrophysics Data System}
}

@article{San_2018,
	doi = {10.3847/1538-4357/aadfe2},
	url = {https://doi.org/10.3847/1538-4357/aadfe2},
	year = 2018,
	month = {oct},
	publisher = {American Astronomical Society},
	volume = {866},
	number = {2},
	pages = {78},
	author = {Han San and Rory Smith and Hoseung Choi and Luca Cortese and Barbara Catinella and Emanuele Contini and Sukyoung K. Yi},
	title = {{YZiCS}: Preprocessing of Dark Halos in the Hydrodynamic Zoom-in Simulation of Clusters},
	journal = {The Astrophysical Journal},
	abstract = {To understand the galaxy population in clusters today, we should also consider the impact of previous environments prior to cluster infall, namely preprocessing. We use the Yonsei Zoom-in Cluster Simulation, a hydrodynamic high-resolution zoom-in simulation of 15 clusters, and focus on the tidal stripping suffered by the dark matter halos of cluster members due to preprocessing. We find that ∼48% of today’s cluster members were once satellites of other hosts. This is slightly higher than previous estimates, in part because we consider not just group-mass hosts but hosts of all masses. Thus, we find that the preprocessed fraction is poorly correlated with cluster mass and is instead related to each cluster’s recent mass growth rate. Hosts less massive than groups are significant contributors, providing more than one-third of the total preprocessed fraction. We find that halo mass loss is a clear function of the time spent in hosts. However, two factors can increase the mass-loss rate considerably: the mass ratio of a satellite to its host and the cosmological epoch when the satellite was hosted. The latter means we may have previously underestimated the role of high-redshift groups. From a sample of heavily tidally stripped members in clusters today, nearly three-quarters were previously in a host. Thus, visibly disturbed cluster members are more likely to have experienced preprocessing. Being hosted before cluster infall enables cluster members to experience tidal stripping for extended durations compared to direct cluster infall and at earlier epochs when hosts were more destructive.}
}

@article{Rudick_2006,
	doi = {10.1086/506176},
	url = {https://doi.org/10.1086/506176},
	year = 2006,
	month = {sep},
	publisher = {American Astronomical Society},
	volume = {648},
	number = {2},
	pages = {936--946},
	author = {Craig S. Rudick and J. Christopher Mihos and Cameron McBride},
	title = {The Formation and Evolution of Intracluster Light},
	journal = {The Astrophysical Journal},
	abstract = {Using N-body simulations, we have modeled the production and evolution of diffuse, low surface brightness intracluster light (ICL) in three simulated galaxy clusters. Using an observational definition of ICL to be luminosity at a surface brightness μV > 26.5 mag arcsec-2, we have found that the fraction of cluster luminosity contained in ICL generally increases as clusters evolve, although there are large deviations from this trend over short timescales, including sustained periods of decreasing ICL luminosity. Most ICL luminosity increases come in short, discrete events that are highly correlated with group accretion events within the cluster. In evolved clusters we find that ≈10%-15% of the clusters' luminosity is at ICL surface brightness. The morphological structure of the ICL changes with time, evolving from a complex of filaments and small-scale, relatively high surface brightness features early in a cluster's history to a more diffuse and amorphous cluster-scale ICL envelope at later times. Finally, we also see a correlation between the evolution of ICL at different surface brightnesses, including a time delay between the evolution of faint and extremely faint surface brightness features that is traced to the differing dynamical timescales in the group and cluster environment.}
}

@article{Mihos_2016,
	doi = {10.3847/1538-4357/834/1/16},
	url = {https://doi.org/10.3847/1538-4357/834/1/16},
	year = 2016,
	month = {dec},
	publisher = {American Astronomical Society},
	volume = {834},
	number = {1},
	pages = {16},
	author = {J. Christopher Mihos and Paul Harding and John J. Feldmeier and Craig Rudick and Steven Janowiecki and Heather Morrison and Colin Slater and Aaron Watkins},
	title = {{THE} {BURRELL} {SCHMIDT} {DEEP} {VIRGO} {SURVEY}: {TIDAL} {DEBRIS}, {GALAXY} {HALOS}, {AND} {DIFFUSE} {INTRACLUSTER} {LIGHT} {IN} {THE} {VIRGO} {CLUSTER}},
	journal = {The Astrophysical Journal},
	abstract = {We present the results of a deep imaging survey of the Virgo cluster of galaxies, concentrated around the cores of Virgo subclusters A and B. The goal of this survey was to detect and study very low surface brightness features present in Virgo, including discrete tidal features, the faint halos of luminous galaxies, and the diffuse intracluster light (ICL). Our observations span roughly 16 degrees2 in two filters, reaching a 3σ limiting depth of  = 29.5 and  = 28.5 mag arcsec−2. At these depths, our limiting systematic uncertainties are astrophysical: variations in faint background sources as well as scattered light from galactic dust. We show that this dust-scattered light is well traced by deep far-infrared imaging, making it possible to separate it from true diffuse light in Virgo. We use our imaging to trace and measure the color of the diffuse tidal streams and ICL in the Virgo core near M87, in fields adjacent to the core including the M86/M84 region, and to the south of the core around M49 and subcluster B, along with the more distant W cloud around NGC 4365. Overall, the bulk of the projected ICL is found in the Virgo core and within the W cloud; we find little evidence for an extensive ICL component in the field around M49. The bulk of the ICL we detect is fairly red in color (B − V = 0.7–0.9), indicative of old, evolved stellar populations. Based on the luminosity of the observed ICL features in the cluster, we estimate a total Virgo ICL fraction of 7%–15%. This value is somewhat smaller than that expected for massive, evolved clusters, suggesting that Virgo is still in the process of growing its extended ICL component. We also trace the shape of M87's extremely boxy outer halo out to ∼150 kpc, and show that the current tidal stripping rate from low luminosity galaxies is insufficient to have built M87's outer halo over a Hubble time. We identify a number of previously unknown low surface brightness structures around galaxies projected close to M86 and M84. The extensive diffuse light seen in the infalling W cloud around NGC 4365 is likely to be subsumed in the general Virgo ICL component once the group enters the cluster, illustrating the importance of group infall in generating ICL. Finally, we also identify another large and extremely low surface brightness ultradiffuse galaxy, likely in the process of being shredded by the cluster tidal field. With the survey complete, the full imaging data set is now available for public release.}
}

@ARTICLE{2014ApJ...794..137M,
       author = {{Montes}, Mireia and {Trujillo}, Ignacio},
        title = "{Intracluster Light at the Frontier: A2744}",
      journal = {\apj},
     keywords = {galaxies: clusters: individual: A2744, galaxies: evolution, galaxies: halos, galaxies: photometry, Astrophysics - Cosmology and Nongalactic Astrophysics, Astrophysics - Astrophysics of Galaxies},
         year = 2014,
        month = oct,
       volume = {794},
       number = {2},
          eid = {137},
        pages = {137},
          doi = {10.1088/0004-637X/794/2/137},
archivePrefix = {arXiv},
       eprint = {1405.2070},
 primaryClass = {astro-ph.CO},
       adsurl = {https://ui.adsabs.harvard.edu/abs/2014ApJ...794..137M},
      adsnote = {Provided by the SAO/NASA Astrophysics Data System}
}

@ARTICLE{2006AJ....131..168K,
       author = {{Krick}, J.~E. and {Bernstein}, R.~A. and {Pimbblet}, K.~A.},
        title = "{Diffuse Optical Light in Galaxy Clusters. I. Abell 3888}",
      journal = {\aj},
     keywords = {Cosmology: Observations, galaxies: clusters: individual (A3888), Galaxies: Evolution, Galaxies: Interactions, Galaxies: Photometry, Astrophysics},
         year = 2006,
        month = jan,
       volume = {131},
       number = {1},
        pages = {168-184},
          doi = {10.1086/498269},
archivePrefix = {arXiv},
       eprint = {astro-ph/0509609},
 primaryClass = {astro-ph},
       adsurl = {https://ui.adsabs.harvard.edu/abs/2006AJ....131..168K},
      adsnote = {Provided by the SAO/NASA Astrophysics Data System}
}

@ARTICLE{2007AJ....134..466K,
       author = {{Krick}, J.~E. and {Bernstein}, R.~A.},
        title = "{Diffuse Optical Light in Galaxy Clusters. II. Correlations with Cluster Properties}",
      journal = {\aj},
     keywords = {cosmology: observations, galaxies: clusters: individual: Abell 141: Abell 2556: Abell 2734: Abell 3880: Abell 3888: Abell 3984: Abell 4010: Abell 4059: AC 114: AC 118, galaxies: evolution, galaxies: interactions, galaxies: photometry, Astrophysics},
         year = 2007,
        month = aug,
       volume = {134},
       number = {2},
        pages = {466-493},
          doi = {10.1086/518787},
archivePrefix = {arXiv},
       eprint = {0704.1664},
 primaryClass = {astro-ph},
       adsurl = {https://ui.adsabs.harvard.edu/abs/2007AJ....134..466K},
      adsnote = {Provided by the SAO/NASA Astrophysics Data System}
}

@ARTICLE{2012ApJ...757...48M,
       author = {{Martel}, Hugo and {Barai}, Paramita and {Brito}, William},
        title = "{The Fate of Dwarf Galaxies in Clusters and the Origin of Intracluster Stars. II. Cosmological Simulations}",
      journal = {\apj},
     keywords = {galaxies: clusters: general, galaxies: formation, galaxies: interactions, methods: numerical, Astrophysics - Cosmology and Nongalactic Astrophysics},
         year = 2012,
        month = sep,
       volume = {757},
       number = {1},
          eid = {48},
        pages = {48},
          doi = {10.1088/0004-637X/757/1/48},
archivePrefix = {arXiv},
       eprint = {1207.6673},
 primaryClass = {astro-ph.CO},
       adsurl = {https://ui.adsabs.harvard.edu/abs/2012ApJ...757...48M},
      adsnote = {Provided by the SAO/NASA Astrophysics Data System}
}

@ARTICLE{2020ApJ...901..128C,
       author = {{Contini}, E. and {Gu}, Q.},
        title = "{On the Mass Distribution of the Intracluster Light in Galaxy Groups and Clusters}",
      journal = {\apj},
     keywords = {Galaxy formation, Galaxy evolution, 595, 594, Astrophysics - Astrophysics of Galaxies, Astrophysics - Cosmology and Nongalactic Astrophysics},
         year = 2020,
        month = oct,
       volume = {901},
       number = {2},
          eid = {128},
        pages = {128},
          doi = {10.3847/1538-4357/abb1aa},
archivePrefix = {arXiv},
       eprint = {2005.13763},
 primaryClass = {astro-ph.GA},
       adsurl = {https://ui.adsabs.harvard.edu/abs/2020ApJ...901..128C},
      adsnote = {Provided by the SAO/NASA Astrophysics Data System}
}

@ARTICLE{2000ApJ...529L..69J,
       author = {{Jing}, Y.~P. and {Suto}, Yasushi},
        title = "{The Density Profiles of the Dark Matter Halo Are Not Universal}",
      journal = {\apjl},
     keywords = {COSMOLOGY: MISCELLANEOUS, GALAXIES: CLUSTERS: GENERAL, METHODS: NUMERICAL, Cosmology: Miscellaneous, Galaxies: Clusters: General, Methods: Numerical, Astrophysics},
         year = 2000,
        month = feb,
       volume = {529},
       number = {2},
        pages = {L69-L72},
          doi = {10.1086/312463},
archivePrefix = {arXiv},
       eprint = {astro-ph/9909478},
 primaryClass = {astro-ph},
       adsurl = {https://ui.adsabs.harvard.edu/abs/2000ApJ...529L..69J},
      adsnote = {Provided by the SAO/NASA Astrophysics Data System}
}

@ARTICLE{1997ApJ...490..493N,
       author = {{Navarro}, Julio F. and {Frenk}, Carlos S. and {White}, Simon D.~M.},
        title = "{A Universal Density Profile from Hierarchical Clustering}",
      journal = {\apj},
     keywords = {Cosmology: Theory, Cosmology: Dark Matter, Galaxies: Halos, Methods: Numerical, Astrophysics},
         year = 1997,
        month = dec,
       volume = {490},
       number = {2},
        pages = {493-508},
          doi = {10.1086/304888},
archivePrefix = {arXiv},
       eprint = {astro-ph/9611107},
 primaryClass = {astro-ph},
       adsurl = {https://ui.adsabs.harvard.edu/abs/1997ApJ...490..493N},
      adsnote = {Provided by the SAO/NASA Astrophysics Data System}
}

@ARTICLE{2021ApJ...915..106C,
       author = {{Contini}, E. and {Gu}, Q.},
        title = "{Brightest Cluster Galaxies and Intracluster Light: Their Mass Distribution in the Innermost Regions of Groups and Clusters}",
      journal = {\apj},
     keywords = {Galaxy clusters, Galaxy evolution, 584, 594, Astrophysics - Astrophysics of Galaxies},
         year = 2021,
        month = jul,
       volume = {915},
       number = {2},
          eid = {106},
        pages = {106},
          doi = {10.3847/1538-4357/ac01e6},
archivePrefix = {arXiv},
       eprint = {2104.05913},
 primaryClass = {astro-ph.GA},
       adsurl = {https://ui.adsabs.harvard.edu/abs/2021ApJ...915..106C},
      adsnote = {Provided by the SAO/NASA Astrophysics Data System}
}

@ARTICLE{2016A&A...594A...1P,
       author = {{Planck Collaboration} and {Adam}, R. and {Ade}, P.~A.~R. and {Aghanim}, N. and {Akrami}, Y. and {Alves}, M.~I.~R. and {Arg{\"u}eso}, F. and {Arnaud}, M. and {Arroja}, F. and {Ashdown}, M. and {Aumont}, J. and {Baccigalupi}, C. and {Ballardini}, M. and {Banday}, A.~J. and {Barreiro}, R.~B. and {Bartlett}, J.~G. and {Bartolo}, N. and {Basak}, S. and {Battaglia}, P. and {Battaner}, E. and {Battye}, R. and {Benabed}, K. and {Beno{\^\i}t}, A. and {Benoit-L{\'e}vy}, A. and {Bernard}, J. -P. and {Bersanelli}, M. and {Bertincourt}, B. and {Bielewicz}, P. and {Bikmaev}, I. and {Bock}, J.~J. and {B{\"o}hringer}, H. and {Bonaldi}, A. and {Bonavera}, L. and {Bond}, J.~R. and {Borrill}, J. and {Bouchet}, F.~R. and {Boulanger}, F. and {Bucher}, M. and {Burenin}, R. and {Burigana}, C. and {Butler}, R.~C. and {Calabrese}, E. and {Cardoso}, J. -F. and {Carvalho}, P. and {Casaponsa}, B. and {Castex}, G. and {Catalano}, A. and {Challinor}, A. and {Chamballu}, A. and {Chary}, R. -R. and {Chiang}, H.~C. and {Chluba}, J. and {Chon}, G. and {Christensen}, P.~R. and {Church}, S. and {Clemens}, M. and {Clements}, D.~L. and {Colombi}, S. and {Colombo}, L.~P.~L. and {Combet}, C. and {Comis}, B. and {Contreras}, D. and {Couchot}, F. and {Coulais}, A. and {Crill}, B.~P. and {Cruz}, M. and {Curto}, A. and {Cuttaia}, F. and {Danese}, L. and {Davies}, R.~D. and {Davis}, R.~J. and {de Bernardis}, P. and {de Rosa}, A. and {de Zotti}, G. and {Delabrouille}, J. and {Delouis}, J. -M. and {D{\'e}sert}, F. -X. and {Di Valentino}, E. and {Dickinson}, C. and {Diego}, J.~M. and {Dolag}, K. and {Dole}, H. and {Donzelli}, S. and {Dor{\'e}}, O. and {Douspis}, M. and {Ducout}, A. and {Dunkley}, J. and {Dupac}, X. and {Efstathiou}, G. and {Eisenhardt}, P.~R.~M. and {Elsner}, F. and {En{\ss}lin}, T.~A. and {Eriksen}, H.~K. and {Falgarone}, E. and {Fantaye}, Y. and {Farhang}, M. and {Feeney}, S. and {Fergusson}, J. and {Fernandez-Cobos}, R. and {Feroz}, F. and {Finelli}, F. and {Florido}, E. and {Forni}, O. and {Frailis}, M. and {Fraisse}, A.~A. and {Franceschet}, C. and {Franceschi}, E. and {Frejsel}, A. and {Frolov}, A. and {Galeotta}, S. and {Galli}, S. and {Ganga}, K. and {Gauthier}, C. and {G{\'e}nova-Santos}, R.~T. and {Gerbino}, M. and {Ghosh}, T. and {Giard}, M. and {Giraud-H{\'e}raud}, Y. and {Giusarma}, E. and {Gjerl{\o}w}, E. and {Gonz{\'a}lez-Nuevo}, J. and {G{\'o}rski}, K.~M. and {Grainge}, K.~J.~B. and {Gratton}, S. and {Gregorio}, A. and {Gruppuso}, A. and {Gudmundsson}, J.~E. and {Hamann}, J. and {Handley}, W. and {Hansen}, F.~K. and {Hanson}, D. and {Harrison}, D.~L. and {Heavens}, A. and {Helou}, G. and {Henrot-Versill{\'e}}, S. and {Hern{\'a}ndez-Monteagudo}, C. and {Herranz}, D. and {Hildebrandt}, S.~R. and {Hivon}, E. and {Hobson}, M. and {Holmes}, W.~A. and {Hornstrup}, A. and {Hovest}, W. and {Huang}, Z. and {Huffenberger}, K.~M. and {Hurier}, G. and {Ili{\'c}}, S. and {Jaffe}, A.~H. and {Jaffe}, T.~R. and {Jin}, T. and {Jones}, W.~C. and {Juvela}, M. and {Karakci}, A. and {Keih{\"a}nen}, E. and {Keskitalo}, R. and {Khamitov}, I. and {Kiiveri}, K. and {Kim}, J. and {Kisner}, T.~S. and {Kneissl}, R. and {Knoche}, J. and {Knox}, L. and {Krachmalnicoff}, N. and {Kunz}, M. and {Kurki-Suonio}, H. and {Lacasa}, F. and {Lagache}, G. and {L{\"a}hteenm{\"a}ki}, A. and {Lamarre}, J. -M. and {Langer}, M. and {Lasenby}, A. and {Lattanzi}, M. and {Lawrence}, C.~R. and {Le Jeune}, M. and {Leahy}, J.~P. and {Lellouch}, E. and {Leonardi}, R. and {Le{\'o}n-Tavares}, J. and {Lesgourgues}, J. and {Levrier}, F. and {Lewis}, A. and {Liguori}, M. and {Lilje}, P.~B. and {Lilley}, M. and {Linden-V{\o}rnle}, M. and {Lindholm}, V. and {Liu}, H. and {L{\'o}pez-Caniego}, M. and {Lubin}, P.~M. and {Ma}, Y. -Z. and {Mac{\'\i}as-P{\'e}rez}, J.~F. and {Maggio}, G. and {Maino}, D. and {Mak}, D.~S.~Y. and {Mandolesi}, N. and {Mangilli}, A. and {Marchini}, A. and {Marcos-Caballero}, A. and {Marinucci}, D. and {Maris}, M. and {Marshall}, D.~J. and {Martin}, P.~G. and {Martinelli}, M. and {Mart{\'\i}nez-Gonz{\'a}lez}, E. and {Masi}, S. and {Matarrese}, S. and {Mazzotta}, P. and {McEwen}, J.~D. and {McGehee}, P. and {Mei}, S. and {Meinhold}, P.~R. and {Melchiorri}, A. and {Melin}, J. -B. and {Mendes}, L. and {Mennella}, A. and {Migliaccio}, M. and {Mikkelsen}, K. and {Millea}, M. and {Mitra}, S. and {Miville-Desch{\^e}nes}, M. -A. and {Molinari}, D. and {Moneti}, A. and {Montier}, L. and {Moreno}, R. and {Morgante}, G. and {Mortlock}, D. and {Moss}, A. and {Mottet}, S. and {M{\"u}nchmeyer}, M. and {Munshi}, D. and {Murphy}, J.~A. and {Narimani}, A. and {Naselsky}, P. and {Nastasi}, A. and {Nati}, F. and {Natoli}, P. and {Negrello}, M. and {Netterfield}, C.~B. and {N{\o}rgaard-Nielsen}, H.~U. and {Noviello}, F. and {Novikov}, D. and {Novikov}, I. and {Olamaie}, M. and {Oppermann}, N. and {Orlando}, E. and {Oxborrow}, C.~A. and {Paci}, F. and {Pagano}, L. and {Pajot}, F. and {Paladini}, R. and {Pandolfi}, S. and {Paoletti}, D. and {Partridge}, B. and {Pasian}, F. and {Patanchon}, G. and {Pearson}, T.~J. and {Peel}, M. and {Peiris}, H.~V. and {Pelkonen}, V. -M. and {Perdereau}, O. and {Perotto}, L. and {Perrott}, Y.~C. and {Perrotta}, F. and {Pettorino}, V. and {Piacentini}, F. and {Piat}, M. and {Pierpaoli}, E. and {Pietrobon}, D. and {Plaszczynski}, S. and {Pogosyan}, D. and {Pointecouteau}, E. and {Polenta}, G. and {Popa}, L. and {Pratt}, G.~W. and {Pr{\'e}zeau}, G. and {Prunet}, S. and {Puget}, J. -L. and {Rachen}, J.~P. and {Racine}, B. and {Reach}, W.~T. and {Rebolo}, R. and {Reinecke}, M. and {Remazeilles}, M. and {Renault}, C. and {Renzi}, A. and {Ristorcelli}, I. and {Rocha}, G. and {Roman}, M. and {Romelli}, E. and {Rosset}, C. and {Rossetti}, M. and {Rotti}, A. and {Roudier}, G. and {Rouill{\'e} d'Orfeuil}, B. and {Rowan-Robinson}, M. and {Rubi{\~n}o-Mart{\'\i}n}, J.~A. and {Ruiz-Granados}, B. and {Rumsey}, C. and {Rusholme}, B. and {Said}, N. and {Salvatelli}, V. and {Salvati}, L. and {Sandri}, M. and {Sanghera}, H.~S. and {Santos}, D. and {Saunders}, R.~D.~E. and {Sauv{\'e}}, A. and {Savelainen}, M. and {Savini}, G. and {Schaefer}, B.~M. and {Schammel}, M.~P. and {Scott}, D. and {Seiffert}, M.~D. and {Serra}, P. and {Shellard}, E.~P.~S. and {Shimwell}, T.~W. and {Shiraishi}, M. and {Smith}, K. and {Souradeep}, T. and {Spencer}, L.~D. and {Spinelli}, M. and {Stanford}, S.~A. and {Stern}, D. and {Stolyarov}, V. and {Stompor}, R. and {Strong}, A.~W. and {Sudiwala}, R. and {Sunyaev}, R. and {Sutter}, P. and {Sutton}, D. and {Suur-Uski}, A. -S. and {Sygnet}, J. -F. and {Tauber}, J.~A. and {Tavagnacco}, D. and {Terenzi}, L. and {Texier}, D. and {Toffolatti}, L. and {Tomasi}, M. and {Tornikoski}, M. and {Tramonte}, D. and {Tristram}, M. and {Troja}, A. and {Trombetti}, T. and {Tucci}, M. and {Tuovinen}, J. and {T{\"u}rler}, M. and {Umana}, G. and {Valenziano}, L. and {Valiviita}, J. and {Van Tent}, F. and {Vassallo}, T. and {Vibert}, L. and {Vidal}, M. and {Viel}, M. and {Vielva}, P. and {Villa}, F. and {Wade}, L.~A. and {Walter}, B. and {Wandelt}, B.~D. and {Watson}, R. and {Wehus}, I.~K. and {Welikala}, N. and {Weller}, J. and {White}, M. and {White}, S.~D.~M. and {Wilkinson}, A. and {Yvon}, D. and {Zacchei}, A. and {Zibin}, J.~P. and {Zonca}, A.},
        title = "{Planck 2015 results. I. Overview of products and scientific results}",
      journal = {\aap},
     keywords = {cosmology: observations, cosmic background radiation, surveys, space vehicles: instruments, instrumentation: detectors, Astrophysics - Cosmology and Nongalactic Astrophysics},
         year = 2016,
        month = sep,
       volume = {594},
          eid = {A1},
        pages = {A1},
          doi = {10.1051/0004-6361/201527101},
archivePrefix = {arXiv},
       eprint = {1502.01582},
 primaryClass = {astro-ph.CO},
       adsurl = {https://ui.adsabs.harvard.edu/abs/2016A&A...594A...1P},
      adsnote = {Provided by the SAO/NASA Astrophysics Data System}
}

@ARTICLE{2012MNRAS.423..104B,
       author = {{Budzynski}, J.~M. and {Koposov}, S.~E. and {McCarthy}, I.~G. and {McGee}, S.~L. and {Belokurov}, V.},
        title = "{The radial distribution of galaxies in groups and clusters}",
      journal = {\mnras},
     keywords = {galaxies: clusters: general, galaxies: groups: general, Astrophysics - Cosmology and Nongalactic Astrophysics},
         year = 2012,
        month = jun,
       volume = {423},
       number = {1},
        pages = {104-121},
          doi = {10.1111/j.1365-2966.2012.20663.x},
archivePrefix = {arXiv},
       eprint = {1201.5491},
 primaryClass = {astro-ph.CO},
       adsurl = {https://ui.adsabs.harvard.edu/abs/2012MNRAS.423..104B},
      adsnote = {Provided by the SAO/NASA Astrophysics Data System}
}

@ARTICLE{2014MNRAS.437.1362B,
       author = {{Budzynski}, J.~M. and {Koposov}, S.~E. and {McCarthy}, I.~G. and {Belokurov}, V.},
        title = "{The similarity of the stellar mass fractions of galaxy groups and clusters}",
      journal = {\mnras},
     keywords = {galaxies: clusters: general, galaxies: groups: general, Astrophysics - Cosmology and Nongalactic Astrophysics},
         year = 2014,
        month = jan,
       volume = {437},
       number = {2},
        pages = {1362-1377},
          doi = {10.1093/mnras/stt1965},
archivePrefix = {arXiv},
       eprint = {1309.1183},
 primaryClass = {astro-ph.CO},
       adsurl = {https://ui.adsabs.harvard.edu/abs/2014MNRAS.437.1362B},
      adsnote = {Provided by the SAO/NASA Astrophysics Data System}
}

@ARTICLE{2014MNRAS.437..816C,
       author = {{Cui}, Weiguang and {Murante}, G. and {Monaco}, P. and {Borgani}, S. and {Granato}, G.~L. and {Killedar}, M. and {De Lucia}, G. and {Presotto}, V. and {Dolag}, K.},
        title = "{Characterizing diffused stellar light in simulated galaxy clusters}",
      journal = {\mnras},
     keywords = {galaxies: clusters: general, galaxies: evolution, galaxies: formation, galaxies: statistics, galaxies: stellar content, cosmology: theory, Astrophysics - Cosmology and Nongalactic Astrophysics, Astrophysics - Astrophysics of Galaxies},
         year = 2014,
        month = jan,
       volume = {437},
       number = {1},
        pages = {816-830},
          doi = {10.1093/mnras/stt1940},
archivePrefix = {arXiv},
       eprint = {1310.1396},
 primaryClass = {astro-ph.CO},
       adsurl = {https://ui.adsabs.harvard.edu/abs/2014MNRAS.437..816C},
      adsnote = {Provided by the SAO/NASA Astrophysics Data System}
}



% %
% %


@ARTICLE{2014ApJ...785..104R,
       author = {{Rykoff}, E.~S. and {Rozo}, E. and {Busha}, M.~T. and {Cunha}, C.~E. and {Finoguenov}, A. and {Evrard}, A. and {Hao}, J. and {Koester}, B.~P. and {Leauthaud}, A. and {Nord}, B. and {Pierre}, M. and {Reddick}, R. and {Sadibekova}, T. and {Sheldon}, E.~S. and {Wechsler}, R.~H.},
        title = "{redMaPPer. I. Algorithm and SDSS DR8 Catalog}",
      journal = {\apj},
     keywords = {galaxies: clusters: general, Astrophysics - Cosmology and Nongalactic Astrophysics},
         year = 2014,
        month = apr,
       volume = {785},
       number = {2},
          eid = {104},
        pages = {104},
          doi = {10.1088/0004-637X/785/2/104},
archivePrefix = {arXiv},
       eprint = {1303.3562},
 primaryClass = {astro-ph.CO},
       adsurl = {https://ui.adsabs.harvard.edu/abs/2014ApJ...785..104R},
      adsnote = {Provided by the SAO/NASA Astrophysics Data System}
}

@ARTICLE{2014ApJ...783...80R,
       author = {{Rozo}, E. and {Rykoff}, E.~S.},
        title = "{redMaPPer II: X-Ray and SZ Performance Benchmarks for the SDSS Catalog}",
      journal = {\apj},
     keywords = {galaxies: clusters: general, Astrophysics - Cosmology and Nongalactic Astrophysics},
         year = 2014,
        month = mar,
       volume = {783},
       number = {2},
          eid = {80},
        pages = {80},
          doi = {10.1088/0004-637X/783/2/80},
archivePrefix = {arXiv},
       eprint = {1303.3373},
 primaryClass = {astro-ph.CO},
       adsurl = {https://ui.adsabs.harvard.edu/abs/2014ApJ...783...80R},
      adsnote = {Provided by the SAO/NASA Astrophysics Data System}
}

@ARTICLE{2002AJ....123..485S,
       author = {{Stoughton}, Chris and {Lupton}, Robert H. and {Bernardi}, Mariangela and {Blanton}, Michael R. and {Burles}, Scott and {Castander}, Francisco J. and {Connolly}, A.~J. and {Eisenstein}, Daniel J. and {Frieman}, Joshua A. and {Hennessy}, G.~S. and {Hindsley}, Robert B. and {Ivezi{\'c}}, {\v{Z}}eljko and {Kent}, Stephen and {Kunszt}, Peter Z. and {Lee}, Brian C. and {Meiksin}, Avery and {Munn}, Jeffrey A. and {Newberg}, Heidi Jo and {Nichol}, R.~C. and {Nicinski}, Tom and {Pier}, Jeffrey R. and {Richards}, Gordon T. and {Richmond}, Michael W. and {Schlegel}, David J. and {Smith}, J. Allyn and {Strauss}, Michael A. and {SubbaRao}, Mark and {Szalay}, Alexander S. and {Thakar}, Aniruddha R. and {Tucker}, Douglas L. and {Vanden Berk}, Daniel E. and {Yanny}, Brian and {Adelman}, Jennifer K. and {Anderson}, John E., Jr. and {Anderson}, Scott F. and {Annis}, James and {Bahcall}, Neta A. and {Bakken}, J.~A. and {Bartelmann}, Matthias and {Bastian}, Steven and {Bauer}, Amanda and {Berman}, Eileen and {B{\"o}hringer}, Hans and {Boroski}, William N. and {Bracker}, Steve and {Briegel}, Charlie and {Briggs}, John W. and {Brinkmann}, J. and {Brunner}, Robert and {Carey}, Larry and {Carr}, Michael A. and {Chen}, Bing and {Christian}, Damian and {Colestock}, Patrick L. and {Crocker}, J.~H. and {Csabai}, Istv{\'a}n and {Czarapata}, Paul C. and {Dalcanton}, Julianne and {Davidsen}, Arthur F. and {Davis}, John Eric and {Dehnen}, Walter and {Dodelson}, Scott and {Doi}, Mamoru and {Dombeck}, Tom and {Donahue}, Megan and {Ellman}, Nancy and {Elms}, Brian R. and {Evans}, Michael L. and {Eyer}, Laurent and {Fan}, Xiaohui and {Federwitz}, Glenn R. and {Friedman}, Scott and {Fukugita}, Masataka and {Gal}, Roy and {Gillespie}, Bruce and {Glazebrook}, Karl and {Gray}, Jim and {Grebel}, Eva K. and {Greenawalt}, Bruce and {Greene}, Gretchen and {Gunn}, James E. and {de Haas}, Ernst and {Haiman}, Zolt{\'a}n and {Haldeman}, Merle and {Hall}, Patrick B. and {Hamabe}, Masaru and {Hansen}, Brad and {Harris}, Frederick H. and {Harris}, Hugh and {Harvanek}, Michael and {Hawley}, Suzanne L. and {Hayes}, J.~J.~E. and {Heckman}, Timothy M. and {Helmi}, Amina and {Henden}, Arne and {Hogan}, Craig J. and {Hogg}, David W. and {Holmgren}, Donald J. and {Holtzman}, Jon and {Huang}, Chih-Hao and {Hull}, Charles and {Ichikawa}, Shin-Ichi and {Ichikawa}, Takashi and {Johnston}, David E. and {Kauffmann}, Guinevere and {Kim}, Rita S.~J. and {Kimball}, Tim and {Kinney}, E. and {Klaene}, Mark and {Kleinman}, S.~J. and {Klypin}, Anatoly and {Knapp}, G.~R. and {Korienek}, John and {Krolik}, Julian and {Kron}, Richard G. and {Krzesi{\'n}ski}, Jurek and {Lamb}, D.~Q. and {Leger}, R. French and {Limmongkol}, Siriluk and {Lindenmeyer}, Carl and {Long}, Daniel C. and {Loomis}, Craig and {Loveday}, Jon and {MacKinnon}, Bryan and {Mannery}, Edward J. and {Mantsch}, P.~M. and {Margon}, Bruce and {McGehee}, Peregrine and {McKay}, Timothy A. and {McLean}, Brian and {Menou}, Kristen and {Merelli}, Aronne and {Mo}, H.~J. and {Monet}, David G. and {Nakamura}, Osamu and {Narayanan}, Vijay K. and {Nash}, Thomas and {Neilsen}, Eric H., Jr. and {Newman}, Peter R. and {Nitta}, Atsuko and {Odenkirchen}, Michael and {Okada}, Norio and {Okamura}, Sadanori and {Ostriker}, Jeremiah P. and {Owen}, Russell and {Pauls}, A. George and {Peoples}, John and {Peterson}, R.~S. and {Petravick}, Donald and {Pope}, Adrian and {Pordes}, Ruth and {Postman}, Marc and {Prosapio}, Angela and {Quinn}, Thomas R. and {Rechenmacher}, Ron and {Rivetta}, Claudio H. and {Rix}, Hans-Walter and {Rockosi}, Constance M. and {Rosner}, Robert and {Ruthmansdorfer}, Kurt and {Sandford}, Dale and {Schneider}, Donald P. and {Scranton}, Ryan and {Sekiguchi}, Maki and {Sergey}, Gary and {Sheth}, Ravi and {Shimasaku}, Kazuhiro and {Smee}, Stephen and {Snedden}, Stephanie A. and {Stebbins}, Albert and {Stubbs}, Christopher and {Szapudi}, Istv{\'a}n and {Szkody}, Paula and {Szokoly}, Gyula P. and {Tabachnik}, Serge and {Tsvetanov}, Zlatan and {Uomoto}, Alan and {Vogeley}, Michael S. and {Voges}, Wolfgang and {Waddell}, Patrick and {Walterbos}, Ren{\'e} and {Wang}, Shu-i. and {Watanabe}, Masaru and {Weinberg}, David H. and {White}, Richard L. and {White}, Simon D.~M. and {Wilhite}, Brian and {Wolfe}, David and {Yasuda}, Naoki and {York}, Donald G. and {Zehavi}, Idit and {Zheng}, Wei},
        title = "{Sloan Digital Sky Survey: Early Data Release}",
      journal = {\aj},
     keywords = {Atlases, Catalogs, Surveys},
         year = 2002,
        month = jan,
       volume = {123},
       number = {1},
        pages = {485-548},
          doi = {10.1086/324741},
       adsurl = {https://ui.adsabs.harvard.edu/abs/2002AJ....123..485S},
      adsnote = {Provided by the SAO/NASA Astrophysics Data System}
}

@ARTICLE{2000AJ....120.1579Y,
       author = {{York}, Donald G. and {Adelman}, J. and {Anderson}, John E., Jr. and {Anderson}, Scott F. and {Annis}, James and {Bahcall}, Neta A. and {Bakken}, J.~A. and {Barkhouser}, Robert and {Bastian}, Steven and {Berman}, Eileen and {Boroski}, William N. and {Bracker}, Steve and {Briegel}, Charlie and {Briggs}, John W. and {Brinkmann}, J. and {Brunner}, Robert and {Burles}, Scott and {Carey}, Larry and {Carr}, Michael A. and {Castander}, Francisco J. and {Chen}, Bing and {Colestock}, Patrick L. and {Connolly}, A.~J. and {Crocker}, J.~H. and {Csabai}, Istv{\'a}n and {Czarapata}, Paul C. and {Davis}, John Eric and {Doi}, Mamoru and {Dombeck}, Tom and {Eisenstein}, Daniel and {Ellman}, Nancy and {Elms}, Brian R. and {Evans}, Michael L. and {Fan}, Xiaohui and {Federwitz}, Glenn R. and {Fiscelli}, Larry and {Friedman}, Scott and {Frieman}, Joshua A. and {Fukugita}, Masataka and {Gillespie}, Bruce and {Gunn}, James E. and {Gurbani}, Vijay K. and {de Haas}, Ernst and {Haldeman}, Merle and {Harris}, Frederick H. and {Hayes}, J. and {Heckman}, Timothy M. and {Hennessy}, G.~S. and {Hindsley}, Robert B. and {Holm}, Scott and {Holmgren}, Donald J. and {Huang}, Chi-hao and {Hull}, Charles and {Husby}, Don and {Ichikawa}, Shin-Ichi and {Ichikawa}, Takashi and {Ivezi{\'c}}, {\v{Z}}eljko and {Kent}, Stephen and {Kim}, Rita S.~J. and {Kinney}, E. and {Klaene}, Mark and {Kleinman}, A.~N. and {Kleinman}, S. and {Knapp}, G.~R. and {Korienek}, John and {Kron}, Richard G. and {Kunszt}, Peter Z. and {Lamb}, D.~Q. and {Lee}, B. and {Leger}, R. French and {Limmongkol}, Siriluk and {Lindenmeyer}, Carl and {Long}, Daniel C. and {Loomis}, Craig and {Loveday}, Jon and {Lucinio}, Rich and {Lupton}, Robert H. and {MacKinnon}, Bryan and {Mannery}, Edward J. and {Mantsch}, P.~M. and {Margon}, Bruce and {McGehee}, Peregrine and {McKay}, Timothy A. and {Meiksin}, Avery and {Merelli}, Aronne and {Monet}, David G. and {Munn}, Jeffrey A. and {Narayanan}, Vijay K. and {Nash}, Thomas and {Neilsen}, Eric and {Neswold}, Rich and {Newberg}, Heidi Jo and {Nichol}, R.~C. and {Nicinski}, Tom and {Nonino}, Mario and {Okada}, Norio and {Okamura}, Sadanori and {Ostriker}, Jeremiah P. and {Owen}, Russell and {Pauls}, A. George and {Peoples}, John and {Peterson}, R.~L. and {Petravick}, Donald and {Pier}, Jeffrey R. and {Pope}, Adrian and {Pordes}, Ruth and {Prosapio}, Angela and {Rechenmacher}, Ron and {Quinn}, Thomas R. and {Richards}, Gordon T. and {Richmond}, Michael W. and {Rivetta}, Claudio H. and {Rockosi}, Constance M. and {Ruthmansdorfer}, Kurt and {Sandford}, Dale and {Schlegel}, David J. and {Schneider}, Donald P. and {Sekiguchi}, Maki and {Sergey}, Gary and {Shimasaku}, Kazuhiro and {Siegmund}, Walter A. and {Smee}, Stephen and {Smith}, J. Allyn and {Snedden}, S. and {Stone}, R. and {Stoughton}, Chris and {Strauss}, Michael A. and {Stubbs}, Christopher and {SubbaRao}, Mark and {Szalay}, Alexander S. and {Szapudi}, Istvan and {Szokoly}, Gyula P. and {Thakar}, Anirudda R. and {Tremonti}, Christy and {Tucker}, Douglas L. and {Uomoto}, Alan and {Vanden Berk}, Dan and {Vogeley}, Michael S. and {Waddell}, Patrick and {Wang}, Shu-i. and {Watanabe}, Masaru and {Weinberg}, David H. and {Yanny}, Brian and {Yasuda}, Naoki and {SDSS Collaboration}},
        title = "{The Sloan Digital Sky Survey: Technical Summary}",
      journal = {\aj},
     keywords = {Cosmology: Observations, Instrumentation: Miscellaneous, Astrophysics},
         year = 2000,
        month = sep,
       volume = {120},
       number = {3},
        pages = {1579-1587},
          doi = {10.1086/301513},
archivePrefix = {arXiv},
       eprint = {astro-ph/0006396},
 primaryClass = {astro-ph},
       adsurl = {https://ui.adsabs.harvard.edu/abs/2000AJ....120.1579Y},
      adsnote = {Provided by the SAO/NASA Astrophysics Data System}
}

@ARTICLE{2011ApJS..193...29A,
       author = {{Aihara}, Hiroaki and {Allende Prieto}, Carlos and {An}, Deokkeun and {Anderson}, Scott F. and {Aubourg}, {\'E}ric and {Balbinot}, Eduardo and {Beers}, Timothy C. and {Berlind}, Andreas A. and {Bickerton}, Steven J. and {Bizyaev}, Dmitry and {Blanton}, Michael R. and {Bochanski}, John J. and {Bolton}, Adam S. and {Bovy}, Jo and {Brandt}, W.~N. and {Brinkmann}, J. and {Brown}, Peter J. and {Brownstein}, Joel R. and {Busca}, Nicolas G. and {Campbell}, Heather and {Carr}, Michael A. and {Chen}, Yanmei and {Chiappini}, Cristina and {Comparat}, Johan and {Connolly}, Natalia and {Cortes}, Marina and {Croft}, Rupert A.~C. and {Cuesta}, Antonio J. and {da Costa}, Luiz N. and {Davenport}, James R.~A. and {Dawson}, Kyle and {Dhital}, Saurav and {Ealet}, Anne and {Ebelke}, Garrett L. and {Edmondson}, Edward M. and {Eisenstein}, Daniel J. and {Escoffier}, Stephanie and {Esposito}, Massimiliano and {Evans}, Michael L. and {Fan}, Xiaohui and {Femen{\'\i}a Castell{\'a}}, Bruno and {Font-Ribera}, Andreu and {Frinchaboy}, Peter M. and {Ge}, Jian and {Gillespie}, Bruce A. and {Gilmore}, G. and {Gonz{\'a}lez Hern{\'a}ndez}, Jonay I. and {Gott}, J. Richard and {Gould}, Andrew and {Grebel}, Eva K. and {Gunn}, James E. and {Hamilton}, Jean-Christophe and {Harding}, Paul and {Harris}, David W. and {Hawley}, Suzanne L. and {Hearty}, Frederick R. and {Ho}, Shirley and {Hogg}, David W. and {Holtzman}, Jon A. and {Honscheid}, Klaus and {Inada}, Naohisa and {Ivans}, Inese I. and {Jiang}, Linhua and {Johnson}, Jennifer A. and {Jordan}, Cathy and {Jordan}, Wendell P. and {Kazin}, Eyal A. and {Kirkby}, David and {Klaene}, Mark A. and {Knapp}, G.~R. and {Kneib}, Jean-Paul and {Kochanek}, C.~S. and {Koesterke}, Lars and {Kollmeier}, Juna A. and {Kron}, Richard G. and {Lampeitl}, Hubert and {Lang}, Dustin and {Le Goff}, Jean-Marc and {Lee}, Young Sun and {Lin}, Yen-Ting and {Long}, Daniel C. and {Loomis}, Craig P. and {Lucatello}, Sara and {Lundgren}, Britt and {Lupton}, Robert H. and {Ma}, Zhibo and {MacDonald}, Nicholas and {Mahadevan}, Suvrath and {Maia}, Marcio A.~G. and {Makler}, Martin and {Malanushenko}, Elena and {Malanushenko}, Viktor and {Mandelbaum}, Rachel and {Maraston}, Claudia and {Margala}, Daniel and {Masters}, Karen L. and {McBride}, Cameron K. and {McGehee}, Peregrine M. and {McGreer}, Ian D. and {M{\'e}nard}, Brice and {Miralda-Escud{\'e}}, Jordi and {Morrison}, Heather L. and {Mullally}, F. and {Muna}, Demitri and {Munn}, Jeffrey A. and {Murayama}, Hitoshi and {Myers}, Adam D. and {Naugle}, Tracy and {Neto}, Angelo Fausti and {Nguyen}, Duy Cuong and {Nichol}, Robert C. and {O'Connell}, Robert W. and {Ogando}, Ricardo L.~C. and {Olmstead}, Matthew D. and {Oravetz}, Daniel J. and {Padmanabhan}, Nikhil and {Palanque-Delabrouille}, Nathalie and {Pan}, Kaike and {Pandey}, Parul and {P{\^a}ris}, Isabelle and {Percival}, Will J. and {Petitjean}, Patrick and {Pfaffenberger}, Robert and {Pforr}, Janine and {Phleps}, Stefanie and {Pichon}, Christophe and {Pieri}, Matthew M. and {Prada}, Francisco and {Price-Whelan}, Adrian M. and {Raddick}, M. Jordan and {Ramos}, Beatriz H.~F. and {Reyl{\'e}}, C{\'e}line and {Rich}, James and {Richards}, Gordon T. and {Rix}, Hans-Walter and {Robin}, Annie C. and {Rocha-Pinto}, Helio J. and {Rockosi}, Constance M. and {Roe}, Natalie A. and {Rollinde}, Emmanuel and {Ross}, Ashley J. and {Ross}, Nicholas P. and {Rossetto}, Bruno M. and {S{\'a}nchez}, Ariel G. and {Sayres}, Conor and {Schlegel}, David J. and {Schlesinger}, Katharine J. and {Schmidt}, Sarah J. and {Schneider}, Donald P. and {Sheldon}, Erin and {Shu}, Yiping and {Simmerer}, Jennifer and {Simmons}, Audrey E. and {Sivarani}, Thirupathi and {Snedden}, Stephanie A. and {Sobeck}, Jennifer S. and {Steinmetz}, Matthias and {Strauss}, Michael A. and {Szalay}, Alexander S. and {Tanaka}, Masayuki and {Thakar}, Aniruddha R. and {Thomas}, Daniel and {Tinker}, Jeremy L. and {Tofflemire}, Benjamin M. and {Tojeiro}, Rita and {Tremonti}, Christy A. and {Vandenberg}, Jan and {Vargas Maga{\~n}a}, M. and {Verde}, Licia and {Vogt}, Nicole P. and {Wake}, David A. and {Wang}, Ji and {Weaver}, Benjamin A. and {Weinberg}, David H. and {White}, Martin and {White}, Simon D.~M. and {Yanny}, Brian and {Yasuda}, Naoki and {Yeche}, Christophe and {Zehavi}, Idit},
        title = "{The Eighth Data Release of the Sloan Digital Sky Survey: First Data from SDSS-III}",
      journal = {\apjs},
     keywords = {atlases, catalogs, surveys, Astrophysics - Instrumentation and Methods for Astrophysics},
         year = 2011,
        month = apr,
       volume = {193},
       number = {2},
          eid = {29},
        pages = {29},
          doi = {10.1088/0067-0049/193/2/29},
archivePrefix = {arXiv},
       eprint = {1101.1559},
 primaryClass = {astro-ph.IM},
       adsurl = {https://ui.adsabs.harvard.edu/abs/2011ApJS..193...29A},
      adsnote = {Provided by the SAO/NASA Astrophysics Data System}
}

@ARTICLE{2008ApJ...674.1217P,
       author = {{Padmanabhan}, Nikhil and {Schlegel}, David J. and {Finkbeiner}, Douglas P. and {Barentine}, J.~C. and {Blanton}, Michael R. and {Brewington}, Howard J. and {Gunn}, James E. and {Harvanek}, Michael and {Hogg}, David W. and {Ivezi{\'c}}, {\v{Z}}eljko and {Johnston}, David and {Kent}, Stephen M. and {Kleinman}, S.~J. and {Knapp}, Gillian R. and {Krzesinski}, Jurek and {Long}, Dan and {Neilsen}, Eric H., Jr. and {Nitta}, Atsuko and {Loomis}, Craig and {Lupton}, Robert H. and {Roweis}, Sam and {Snedden}, Stephanie A. and {Strauss}, Michael A. and {Tucker}, Douglas L.},
        title = "{An Improved Photometric Calibration of the Sloan Digital Sky Survey Imaging Data}",
      journal = {\apj},
     keywords = {techniques: photometric, Astrophysics},
         year = 2008,
        month = feb,
       volume = {674},
       number = {2},
        pages = {1217-1233},
          doi = {10.1086/524677},
archivePrefix = {arXiv},
       eprint = {astro-ph/0703454},
 primaryClass = {astro-ph},
       adsurl = {https://ui.adsabs.harvard.edu/abs/2008ApJ...674.1217P},
      adsnote = {Provided by the SAO/NASA Astrophysics Data System}
}

@ARTICLE{2005MNRAS.358..949Z,
       author = {{Zibetti}, Stefano and {White}, Simon D.~M. and {Schneider}, Donald P. and {Brinkmann}, Jon},
        title = "{Intergalactic stars in z\raisebox{-0.5ex}\textasciitilde 0.25 galaxy clusters: systematic properties from stacking of Sloan Digital Sky Survey imaging data}",
      journal = {\mnras},
     keywords = {galaxies: clusters: general, galaxies: elliptical and lenticular, cD, galaxies: evolution, galaxies: formation, galaxies: interactions, diffuse radiation, Astrophysics},
         year = 2005,
        month = apr,
       volume = {358},
       number = {3},
        pages = {949-967},
          doi = {10.1111/j.1365-2966.2005.08817.x},
archivePrefix = {arXiv},
       eprint = {astro-ph/0501194},
 primaryClass = {astro-ph},
       adsurl = {https://ui.adsabs.harvard.edu/abs/2005MNRAS.358..949Z},
      adsnote = {Provided by the SAO/NASA Astrophysics Data System}
}

@ARTICLE{Zu2021,
       author = {{Zu}, Ying and {Shan}, Huanyuan and {Zhang}, Jun and {Singh}, Sukhdeep and {Shao}, Zhiwei and {Chen}, Xiaokai and {Yao}, Ji and {Golden-Marx}, Jesse B. and {Cui}, Weiguang and {Jullo}, Eric and {Kneib}, Jean-Paul and {Zhang}, Pengjie and {Yang}, Xiaohu},
        title = "{Does concentration drive the scatter in the stellar-to-halo mass relation of galaxy clusters?}",
      journal = {\mnras},
     keywords = {gravitational lensing: weak, galaxies: formation, large-scale structure of Universe, Astrophysics - Cosmology and Nongalactic Astrophysics, Astrophysics - Astrophysics of Galaxies},
         year = 2021,
        month = aug,
       volume = {505},
       number = {4},
        pages = {5117-5128},
          doi = {10.1093/mnras/stab1712},
archivePrefix = {arXiv},
       eprint = {2012.08629},
 primaryClass = {astro-ph.CO},
       adsurl = {https://ui.adsabs.harvard.edu/abs/2021MNRAS.505.5117Z},
      adsnote = {Provided by the SAO/NASA Astrophysics Data System}
}

@ARTICLE{2012ApJ...752...41Y,
       author = {{Yang}, Xiaohu and {Mo}, H.~J. and {van den Bosch}, Frank C. and {Zhang}, Youcai and {Han}, Jiaxin},
        title = "{Evolution of the Galaxy-Dark Matter Connection and the Assembly of Galaxies in Dark Matter Halos}",
      journal = {\apj},
     keywords = {dark matter, galaxies: halos, large-scale structure of universe, Astrophysics - Cosmology and Nongalactic Astrophysics, Astrophysics - Astrophysics of Galaxies},
         year = 2012,
        month = jun,
       volume = {752},
       number = {1},
          eid = {41},
        pages = {41},
          doi = {10.1088/0004-637X/752/1/41},
archivePrefix = {arXiv},
       eprint = {1110.1420},
 primaryClass = {astro-ph.CO},
       adsurl = {https://ui.adsabs.harvard.edu/abs/2012ApJ...752...41Y},
      adsnote = {Provided by the SAO/NASA Astrophysics Data System}
}

@ARTICLE{2017MNRAS.466.3103S,
       author = {{Simet}, Melanie and {McClintock}, Tom and {Mandelbaum}, Rachel and {Rozo}, Eduardo and {Rykoff}, Eli and {Sheldon}, Erin and {Wechsler}, Risa H.},
        title = "{Weak lensing measurement of the mass-richness relation of SDSS redMaPPer clusters}",
      journal = {\mnras},
     keywords = {gravitational lensing: weak, galaxies: clusters: general, Astrophysics - Cosmology and Nongalactic Astrophysics},
         year = 2017,
        month = apr,
       volume = {466},
       number = {3},
        pages = {3103-3118},
          doi = {10.1093/mnras/stw3250},
archivePrefix = {arXiv},
       eprint = {1603.06953},
 primaryClass = {astro-ph.CO},
       adsurl = {https://ui.adsabs.harvard.edu/abs/2017MNRAS.466.3103S},
      adsnote = {Provided by the SAO/NASA Astrophysics Data System}
}

@ARTICLE{1996A&AS..117..393B,
       author = {{Bertin}, E. and {Arnouts}, S.},
        title = "{SExtractor: Software for source extraction.}",
      journal = {\aaps},
     keywords = {METHODS: DATA ANALYSIS, TECHNIQUES: IMAGE PROCESSING, GALAXIES: PHOTOMETRY},
         year = 1996,
        month = jun,
       volume = {117},
        pages = {393-404},
          doi = {10.1051/aas:1996164},
       adsurl = {https://ui.adsabs.harvard.edu/abs/1996A&AS..117..393B},
      adsnote = {Provided by the SAO/NASA Astrophysics Data System}
}

@ARTICLE{2011ApJ...731...89T,
       author = {{Tal}, Tomer and {van Dokkum}, Pieter G.},
        title = "{The Faint Stellar Halos of Massive Red Galaxies from Stacks of More than 42,000 SDSS LRG Images}",
      journal = {\apj},
     keywords = {galaxies: elliptical and lenticular, cD, galaxies: evolution, galaxies: interactions, galaxies: structure, Astrophysics - Cosmology and Nongalactic Astrophysics, Astrophysics - Astrophysics of Galaxies},
         year = 2011,
        month = apr,
       volume = {731},
       number = {2},
          eid = {89},
        pages = {89},
          doi = {10.1088/0004-637X/731/2/89},
archivePrefix = {arXiv},
       eprint = {1102.4330},
 primaryClass = {astro-ph.CO},
       adsurl = {https://ui.adsabs.harvard.edu/abs/2011ApJ...731...89T},
      adsnote = {Provided by the SAO/NASA Astrophysics Data System}
}

