@ARTICLE{Spergel2015,
       author = {{Spergel}, D. and {Gehrels}, N. and {Baltay}, C. and {Bennett}, D. and {Breckinridge}, J. and {Donahue}, M. and {Dressler}, A. and {Gaudi}, B.~S. and {Greene}, T. and {Guyon}, O. and {Hirata}, C. and {Kalirai}, J. and {Kasdin}, N.~J. and {Macintosh}, B. and {Moos}, W. and {Perlmutter}, S. and {Postman}, M. and {Rauscher}, B. and {Rhodes}, J. and {Wang}, Y. and {Weinberg}, D. and {Benford}, D. and {Hudson}, M. and {Jeong}, W. -S. and {Mellier}, Y. and {Traub}, W. and {Yamada}, T. and {Capak}, P. and {Colbert}, J. and {Masters}, D. and {Penny}, M. and {Savransky}, D. and {Stern}, D. and {Zimmerman}, N. and {Barry}, R. and {Bartusek}, L. and {Carpenter}, K. and {Cheng}, E. and {Content}, D. and {Dekens}, F. and {Demers}, R. and {Grady}, K. and {Jackson}, C. and {Kuan}, G. and {Kruk}, J. and {Melton}, M. and {Nemati}, B. and {Parvin}, B. and {Poberezhskiy}, I. and {Peddie}, C. and {Ruffa}, J. and {Wallace}, J.~K. and {Whipple}, A. and {Wollack}, E. and {Zhao}, F.},
        title = "{Wide-Field InfrarRed Survey Telescope-Astrophysics Focused Telescope Assets WFIRST-AFTA 2015 Report}",
      journal = {arXiv e-prints},
     keywords = {Astrophysics - Instrumentation and Methods for Astrophysics},
         year = 2015,
        month = mar,
          eid = {arXiv:1503.03757},
        pages = {arXiv:1503.03757},
archivePrefix = {arXiv},
       eprint = {1503.03757},
 primaryClass = {astro-ph.IM},
       adsurl = {https://ui.adsabs.harvard.edu/abs/2015arXiv150303757S},
      adsnote = {Provided by the SAO/NASA Astrophysics Data System}
}


@ARTICLE{Akeson2019,
       author = {{Akeson}, Rachel and {Armus}, Lee and {Bachelet}, Etienne and {Bailey}, Vanessa and {Bartusek}, Lisa and {Bellini}, Andrea and {Benford}, Dominic and {Bennett}, David and {Bhattacharya}, Aparna and {Bohlin}, Ralph and {Boyer}, Martha and {Bozza}, Valerio and {Bryden}, Geoffrey and {Calchi Novati}, Sebastiano and {Carpenter}, Kenneth and {Casertano}, Stefano and {Choi}, Ami and {Content}, David and {Dayal}, Pratika and {Dressler}, Alan and {Dor{\'e}}, Olivier and {Fall}, S. Michael and {Fan}, Xiaohui and {Fang}, Xiao and {Filippenko}, Alexei and {Finkelstein}, Steven and {Foley}, Ryan and {Furlanetto}, Steven and {Kalirai}, Jason and {Gaudi}, B. Scott and {Gilbert}, Karoline and {Girard}, Julien and {Grady}, Kevin and {Greene}, Jenny and {Guhathakurta}, Puragra and {Heinrich}, Chen and {Hemmati}, Shoubaneh and {Hendel}, David and {Henderson}, Calen and {Henning}, Thomas and {Hirata}, Christopher and {Ho}, Shirley and {Huff}, Eric and {Hutter}, Anne and {Jansen}, Rolf and {Jha}, Saurabh and {Johnson}, Samson and {Jones}, David and {Kasdin}, Jeremy and {Kelly}, Patrick and {Kirshner}, Robert and {Koekemoer}, Anton and {Kruk}, Jeffrey and {Lewis}, Nikole and {Macintosh}, Bruce and {Madau}, Piero and {Malhotra}, Sangeeta and {Mandel}, Kaisey and {Massara}, Elena and {Masters}, Daniel and {McEnery}, Julie and {McQuinn}, Kristen and {Melchior}, Peter and {Melton}, Mark and {Mennesson}, Bertrand and {Peeples}, Molly and {Penny}, Matthew and {Perlmutter}, Saul and {Pisani}, Alice and {Plazas}, Andr{\'e}s and {Poleski}, Radek and {Postman}, Marc and {Ranc}, Cl{\'e}ment and {Rauscher}, Bernard and {Rest}, Armin and {Roberge}, Aki and {Robertson}, Brant and {Rodney}, Steven and {Rhoads}, James and {Rhodes}, Jason and {Ryan}, Russell, Jr. and {Sahu}, Kailash and {Sand}, David and {Scolnic}, Dan and {Seth}, Anil and {Shvartzvald}, Yossi and {Siellez}, Karelle and {Smith}, Arfon and {Spergel}, David and {Stassun}, Keivan and {Street}, Rachel and {Strolger}, Louis-Gregory and {Szalay}, Alexander and {Trauger}, John and {Troxel}, M.~A. and {Turnbull}, Margaret and {van der Marel}, Roeland and {von der Linden}, Anja and {Wang}, Yun and {Weinberg}, David and {Williams}, Benjamin and {Windhorst}, Rogier and {Wollack}, Edward and {Wu}, Hao-Yi and {Yee}, Jennifer and {Zimmerman}, Neil},
        title = "{The Wide Field Infrared Survey Telescope: 100 Hubbles for the 2020s}",
      journal = {arXiv e-prints},
     keywords = {Astrophysics - Instrumentation and Methods for Astrophysics, Astrophysics - Astrophysics of Galaxies},
         year = 2019,
        month = feb,
          eid = {arXiv:1902.05569},
        pages = {arXiv:1902.05569},
archivePrefix = {arXiv},
       eprint = {1902.05569},
 primaryClass = {astro-ph.IM},
       adsurl = {https://ui.adsabs.harvard.edu/abs/2019arXiv190205569A},
      adsnote = {Provided by the SAO/NASA Astrophysics Data System}
}

@ARTICLE{Montes2019a,
       author = {{Montes}, Mireia},
        title = "{The intracluster light and its role in galaxy evolution in clusters}",
      journal = {arXiv e-prints},
     keywords = {Astrophysics - Astrophysics of Galaxies},
         year = 2019,
        month = dec,
          eid = {arXiv:1912.01616},
        pages = {arXiv:1912.01616},
archivePrefix = {arXiv},
       eprint = {1912.01616},
 primaryClass = {astro-ph.GA},
       adsurl = {https://ui.adsabs.harvard.edu/abs/2019arXiv191201616M},
      adsnote = {Provided by the SAO/NASA Astrophysics Data System}
}

@ARTICLE{Zwicky1937,
       author = {{Zwicky}, F.},
        title = "{On the Masses of Nebulae and of Clusters of Nebulae}",
      journal = {\apj},
         year = 1937,
        month = oct,
       volume = {86},
        pages = {217},
          doi = {10.1086/143864},
       adsurl = {https://ui.adsabs.harvard.edu/abs/1937ApJ....86..217Z},
      adsnote = {Provided by the SAO/NASA Astrophysics Data System}
}

@ARTICLE{Simet2017,
       author = {{Simet}, Melanie and {McClintock}, Tom and {Mandelbaum}, Rachel and {Rozo}, Eduardo and {Rykoff}, Eli and {Sheldon}, Erin and {Wechsler}, Risa H.},
        title = "{Weak lensing measurement of the mass-richness relation of SDSS redMaPPer clusters}",
      journal = {\mnras},
     keywords = {gravitational lensing: weak, galaxies: clusters: general, Astrophysics - Cosmology and Nongalactic Astrophysics},
         year = 2017,
        month = apr,
       volume = {466},
       number = {3},
        pages = {3103-3118},
          doi = {10.1093/mnras/stw3250},
archivePrefix = {arXiv},
       eprint = {1603.06953},
 primaryClass = {astro-ph.CO},
       adsurl = {https://ui.adsabs.harvard.edu/abs/2017MNRAS.466.3103S},
      adsnote = {Provided by the SAO/NASA Astrophysics Data System}
}


%%%%%
%%%%% introduction

@ARTICLE{Conroy2007,
       author = {{Conroy}, Charlie and {Wechsler}, Risa H. and {Kravtsov}, Andrey V.},
        title = "{The Hierarchical Build-Up of Massive Galaxies and the Intracluster Light since z = 1}",
      journal = {\apj},
     keywords = {Cosmology: Theory, Cosmology: Dark Matter, Galaxies: Clusters: General, Galaxies: Evolution, Galaxies: Halos, Galaxies: Luminosity Function, Mass Function, Astrophysics},
         year = 2007,
        month = oct,
       volume = {668},
       number = {2},
        pages = {826-838},
          doi = {10.1086/521425},
archivePrefix = {arXiv},
       eprint = {astro-ph/0703374},
 primaryClass = {astro-ph},
       adsurl = {https://ui.adsabs.harvard.edu/abs/2007ApJ...668..826C},
      adsnote = {Provided by the SAO/NASA Astrophysics Data System}
}

@ARTICLE{Mihos2005,
       author = {{Mihos}, J. Christopher and {Harding}, Paul and {Feldmeier}, John and {Morrison}, Heather},
        title = "{Diffuse Light in the Virgo Cluster}",
      journal = {\apjl},
     keywords = {Galaxies: Clusters: Individual: Name: Virgo, Galaxies: Interactions, Astrophysics},
         year = 2005,
        month = sep,
       volume = {631},
       number = {1},
        pages = {L41-L44},
          doi = {10.1086/497030},
archivePrefix = {arXiv},
       eprint = {astro-ph/0508217},
 primaryClass = {astro-ph},
       adsurl = {https://ui.adsabs.harvard.edu/abs/2005ApJ...631L..41M},
      adsnote = {Provided by the SAO/NASA Astrophysics Data System}
}

@ARTICLE{Contini2021a,
       author = {{Contini}, Emanuele},
        title = "{On the Origin and Evolution of the Intra-Cluster Light: A Brief Review of the Most Recent Developments}",
      journal = {Galaxies},
     keywords = {Astrophysics - Astrophysics of Galaxies},
         year = 2021,
        month = aug,
       volume = {9},
       number = {3},
        pages = {60},
          doi = {10.3390/galaxies9030060},
archivePrefix = {arXiv},
       eprint = {2107.04180},
 primaryClass = {astro-ph.GA},
       adsurl = {https://ui.adsabs.harvard.edu/abs/2021Galax...9...60C},
      adsnote = {Provided by the SAO/NASA Astrophysics Data System}
}


@ARTICLE{Gong2019,
       author = {{Gong}, Yan and {Liu}, Xiangkun and {Cao}, Ye and {Chen}, Xuelei and {Fan}, Zuhui and {Li}, Ran and {Li}, Xiao-Dong and {Li}, Zhigang and {Zhang}, Xin and {Zhan}, Hu},
        title = "{Cosmology from the Chinese Space Station Optical Survey (CSS-OS)}",
      journal = {\apj},
     keywords = {cosmological parameters, cosmology: theory, large-scale structure of universe, Astrophysics - Cosmology and Nongalactic Astrophysics},
         year = 2019,
        month = oct,
       volume = {883},
       number = {2},
          eid = {203},
        pages = {203},
          doi = {10.3847/1538-4357/ab391e},
archivePrefix = {arXiv},
       eprint = {1901.04634},
 primaryClass = {astro-ph.CO},
       adsurl = {https://ui.adsabs.harvard.edu/abs/2019ApJ...883..203G},
      adsnote = {Provided by the SAO/NASA Astrophysics Data System}
}

@ARTICLE{Cao2021,
       author = {{Cao}, Ye and {Gong}, Yan and {Liu}, Dezi and {Cooray}, Asantha and {Feng}, Chang and {Chen}, Xuelei},
        title = "{Anisotropies of Cosmic Optical and Near-IR Background from China Space Station Telescope (CSST)}",
      journal = {arXiv e-prints},
     keywords = {Astrophysics - Cosmology and Nongalactic Astrophysics},
         year = 2021,
        month = aug,
          eid = {arXiv:2108.10181},
        pages = {arXiv:2108.10181},
archivePrefix = {arXiv},
       eprint = {2108.10181},
 primaryClass = {astro-ph.CO},
       adsurl = {https://ui.adsabs.harvard.edu/abs/2021arXiv210810181C},
      adsnote = {Provided by the SAO/NASA Astrophysics Data System}
}

@ARTICLE{LSSTScienceCollaboration2009,
       author = {{LSST Science Collaboration} and {Abell}, Paul A. and {Allison}, Julius and {Anderson}, Scott F. and {Andrew}, John R. and {Angel}, J. Roger P. and {Armus}, Lee and {Arnett}, David and {Asztalos}, S.~J. and {Axelrod}, Tim S. and {Bailey}, Stephen and {Ballantyne}, D.~R. and {Bankert}, Justin R. and {Barkhouse}, Wayne A. and {Barr}, Jeffrey D. and {Barrientos}, L. Felipe and {Barth}, Aaron J. and {Bartlett}, James G. and {Becker}, Andrew C. and {Becla}, Jacek and {Beers}, Timothy C. and {Bernstein}, Joseph P. and {Biswas}, Rahul and {Blanton}, Michael R. and {Bloom}, Joshua S. and {Bochanski}, John J. and {Boeshaar}, Pat and {Borne}, Kirk D. and {Bradac}, Marusa and {Brandt}, W.~N. and {Bridge}, Carrie R. and {Brown}, Michael E. and {Brunner}, Robert J. and {Bullock}, James S. and {Burgasser}, Adam J. and {Burge}, James H. and {Burke}, David L. and {Cargile}, Phillip A. and {Chandrasekharan}, Srinivasan and {Chartas}, George and {Chesley}, Steven R. and {Chu}, You-Hua and {Cinabro}, David and {Claire}, Mark W. and {Claver}, Charles F. and {Clowe}, Douglas and {Connolly}, A.~J. and {Cook}, Kem H. and {Cooke}, Jeff and {Cooray}, Asantha and {Covey}, Kevin R. and {Culliton}, Christopher S. and {de Jong}, Roelof and {de Vries}, Willem H. and {Debattista}, Victor P. and {Delgado}, Francisco and {Dell'Antonio}, Ian P. and {Dhital}, Saurav and {Di Stefano}, Rosanne and {Dickinson}, Mark and {Dilday}, Benjamin and {Djorgovski}, S.~G. and {Dobler}, Gregory and {Donalek}, Ciro and {Dubois-Felsmann}, Gregory and {Durech}, Josef and {Eliasdottir}, Ardis and {Eracleous}, Michael and {Eyer}, Laurent and {Falco}, Emilio E. and {Fan}, Xiaohui and {Fassnacht}, Christopher D. and {Ferguson}, Harry C. and {Fernandez}, Yanga R. and {Fields}, Brian D. and {Finkbeiner}, Douglas and {Figueroa}, Eduardo E. and {Fox}, Derek B. and {Francke}, Harold and {Frank}, James S. and {Frieman}, Josh and {Fromenteau}, Sebastien and {Furqan}, Muhammad and {Galaz}, Gaspar and {Gal-Yam}, A. and {Garnavich}, Peter and {Gawiser}, Eric and {Geary}, John and {Gee}, Perry and {Gibson}, Robert R. and {Gilmore}, Kirk and {Grace}, Emily A. and {Green}, Richard F. and {Gressler}, William J. and {Grillmair}, Carl J. and {Habib}, Salman and {Haggerty}, J.~S. and {Hamuy}, Mario and {Harris}, Alan W. and {Hawley}, Suzanne L. and {Heavens}, Alan F. and {Hebb}, Leslie and {Henry}, Todd J. and {Hileman}, Edward and {Hilton}, Eric J. and {Hoadley}, Keri and {Holberg}, J.~B. and {Holman}, Matt J. and {Howell}, Steve B. and {Infante}, Leopoldo and {Ivezic}, Zeljko and {Jacoby}, Suzanne H. and {Jain}, Bhuvnesh and {R} and {Jedicke} and {Jee}, M. James and {Garrett Jernigan}, J. and {Jha}, Saurabh W. and {Johnston}, Kathryn V. and {Jones}, R. Lynne and {Juric}, Mario and {Kaasalainen}, Mikko and {Styliani} and {Kafka} and {Kahn}, Steven M. and {Kaib}, Nathan A. and {Kalirai}, Jason and {Kantor}, Jeff and {Kasliwal}, Mansi M. and {Keeton}, Charles R. and {Kessler}, Richard and {Knezevic}, Zoran and {Kowalski}, Adam and {Krabbendam}, Victor L. and {Krughoff}, K. Simon and {Kulkarni}, Shrinivas and {Kuhlman}, Stephen and {Lacy}, Mark and {Lepine}, Sebastien and {Liang}, Ming and {Lien}, Amy and {Lira}, Paulina and {Long}, Knox S. and {Lorenz}, Suzanne and {Lotz}, Jennifer M. and {Lupton}, R.~H. and {Lutz}, Julie and {Macri}, Lucas M. and {Mahabal}, Ashish A. and {Mandelbaum}, Rachel and {Marshall}, Phil and {May}, Morgan and {McGehee}, Peregrine M. and {Meadows}, Brian T. and {Meert}, Alan and {Milani}, Andrea and {Miller}, Christopher J. and {Miller}, Michelle and {Mills}, David and {Minniti}, Dante and {Monet}, David and {Mukadam}, Anjum S. and {Nakar}, Ehud and {Neill}, Douglas R. and {Newman}, Jeffrey A. and {Nikolaev}, Sergei and {Nordby}, Martin and {O'Connor}, Paul and {Oguri}, Masamune and {Oliver}, John and {Olivier}, Scot S. and {Olsen}, Julia K. and {Olsen}, Knut and {Olszewski}, Edward W. and {Oluseyi}, Hakeem and {Padilla}, Nelson D. and {Parker}, Alex and {Pepper}, Joshua and {Peterson}, John R. and {Petry}, Catherine and {Pinto}, Philip A. and {Pizagno}, James L. and {Popescu}, Bogdan and {Prsa}, Andrej and {Radcka}, Veljko and {Raddick}, M. Jordan and {Rasmussen}, Andrew and {Rau}, Arne and {Rho}, Jeonghee and {Rhoads}, James E. and {Richards}, Gordon T. and {Ridgway}, Stephen T. and {Robertson}, Brant E. and {Roskar}, Rok and {Saha}, Abhijit and {Sarajedini}, Ata and {Scannapieco}, Evan and {Schalk}, Terry and {Schindler}, Rafe and {Schmidt}, Samuel and {Schmidt}, Sarah and {Schneider}, Donald P. and {Schumacher}, German and {Scranton}, Ryan and {Sebag}, Jacques and {Seppala}, Lynn G. and {Shemmer}, Ohad and {Simon}, Joshua D. and {Sivertz}, M. and {Smith}, Howard A. and {Allyn Smith}, J. and {Smith}, Nathan and {Spitz}, Anna H. and {Stanford}, Adam and {Stassun}, Keivan G. and {Strader}, Jay and {Strauss}, Michael A. and {Stubbs}, Christopher W. and {Sweeney}, Donald W. and {Szalay}, Alex and {Szkody}, Paula and {Takada}, Masahiro and {Thorman}, Paul and {Trilling}, David E. and {Trimble}, Virginia and {Tyson}, Anthony and {Van Berg}, Richard and {Vanden Berk}, Daniel and {VanderPlas}, Jake and {Verde}, Licia and {Vrsnak}, Bojan and {Walkowicz}, Lucianne M. and {Wandelt}, Benjamin D. and {Wang}, Sheng and {Wang}, Yun and {Warner}, Michael and {Wechsler}, Risa H. and {West}, Andrew A. and {Wiecha}, Oliver and {Williams}, Benjamin F. and {Willman}, Beth and {Wittman}, David and {Wolff}, Sidney C. and {Wood-Vasey}, W. Michael and {Wozniak}, Przemek and {Young}, Patrick and {Zentner}, Andrew and {Zhan}, Hu},
        title = "{LSST Science Book, Version 2.0}",
      journal = {arXiv e-prints},
     keywords = {Astrophysics - Instrumentation and Methods for Astrophysics, Astrophysics - Cosmology and Extragalactic Astrophysics, Astrophysics - Earth and Planetary Astrophysics, Astrophysics - Galaxy Astrophysics, Astrophysics - Solar and Stellar Astrophysics},
         year = 2009,
        month = dec,
          eid = {arXiv:0912.0201},
        pages = {arXiv:0912.0201},
archivePrefix = {arXiv},
       eprint = {0912.0201},
 primaryClass = {astro-ph.IM},
       adsurl = {https://ui.adsabs.harvard.edu/abs/2009arXiv0912.0201L},
      adsnote = {Provided by the SAO/NASA Astrophysics Data System}
}

@ARTICLE{Kluge2021,
       author = {{Kluge}, M. and {Bender}, R. and {Riffeser}, A. and {Goessl}, C. and {Hopp}, U. and {Schmidt}, M. and {Ries}, C.},
        title = "{Photometric Dissection of Intracluster Light and Its Correlations with Host Cluster Properties}",
      journal = {\apjs},
     keywords = {Brightest cluster galaxies, Galaxy clusters, Galaxy stellar halos, Surface photometry, Scaling relations, 181, 584, 598, 1670, 2031, Astrophysics - Astrophysics of Galaxies},
         year = 2021,
        month = feb,
       volume = {252},
       number = {2},
          eid = {27},
        pages = {27},
          doi = {10.3847/1538-4365/abcda6},
archivePrefix = {arXiv},
       eprint = {2011.12992},
 primaryClass = {astro-ph.GA},
       adsurl = {https://ui.adsabs.harvard.edu/abs/2021ApJS..252...27K},
      adsnote = {Provided by the SAO/NASA Astrophysics Data System}
}

@ARTICLE{Rudick2011,
       author = {{Rudick}, Craig S. and {Mihos}, J. Christopher and {McBride}, Cameron K.},
        title = "{The Quantity of Intracluster Light: Comparing Theoretical and Observational Measurement Techniques using Simulated Clusters}",
      journal = {\apj},
     keywords = {galaxies: clusters: general, galaxies: evolution, galaxies: interactions, galaxies: kinematics and dynamics, methods: numerical, Astrophysics - Cosmology and Nongalactic Astrophysics},
         year = 2011,
        month = may,
       volume = {732},
       number = {1},
          eid = {48},
        pages = {48},
          doi = {10.1088/0004-637X/732/1/48},
archivePrefix = {arXiv},
       eprint = {1103.1215},
 primaryClass = {astro-ph.CO},
       adsurl = {https://ui.adsabs.harvard.edu/abs/2011ApJ...732...48R},
      adsnote = {Provided by the SAO/NASA Astrophysics Data System}
}

@ARTICLE{Zibetti2005,
       author = {{Zibetti}, Stefano and {White}, Simon D.~M. and {Schneider}, Donald P. and {Brinkmann}, Jon},
        title = "{Intergalactic stars in z\raisebox{-0.5ex}\textasciitilde 0.25 galaxy clusters: systematic properties from stacking of Sloan Digital Sky Survey imaging data}",
      journal = {\mnras},
     keywords = {galaxies: clusters: general, galaxies: elliptical and lenticular, cD, galaxies: evolution, galaxies: formation, galaxies: interactions, diffuse radiation, Astrophysics},
         year = 2005,
        month = apr,
       volume = {358},
       number = {3},
        pages = {949-967},
          doi = {10.1111/j.1365-2966.2005.08817.x},
archivePrefix = {arXiv},
       eprint = {astro-ph/0501194},
 primaryClass = {astro-ph},
       adsurl = {https://ui.adsabs.harvard.edu/abs/2005MNRAS.358..949Z},
      adsnote = {Provided by the SAO/NASA Astrophysics Data System}
}

@ARTICLE{Melnick2012,
       author = {{Melnick}, J. and {Giraud}, E. and {Toledo}, I. and {Selman}, F. and {Quintana}, H.},
        title = "{Intergalactic stellar populations in intermediate redshift clusters}",
      journal = {\mnras},
     keywords = {galaxies: abundances, galaxies: intracluster medium, galaxies: formation, galaxies: interactions, galaxies: stellar content, Astrophysics - Cosmology and Nongalactic Astrophysics},
         year = 2012,
        month = nov,
       volume = {427},
       number = {1},
        pages = {850-858},
          doi = {10.1111/j.1365-2966.2012.21924.x},
archivePrefix = {arXiv},
       eprint = {1207.6394},
 primaryClass = {astro-ph.CO},
       adsurl = {https://ui.adsabs.harvard.edu/abs/2012MNRAS.427..850M},
      adsnote = {Provided by the SAO/NASA Astrophysics Data System}
}

@ARTICLE{Gu2020,
       author = {{Gu}, Meng and {Conroy}, Charlie and {Law}, David and {van Dokkum}, Pieter and {Yan}, Renbin and {Wake}, David and {Bundy}, Kevin and {Villaume}, Alexa and {Abraham}, Roberto and {Merritt}, Allison and {Zhang}, Jielai and {Bershady}, Matthew and {Bizyaev}, Dmitry and {Drory}, Niv and {Pan}, Kaike and {Thomas}, Daniel and {Weijmans}, Anne-Marie},
        title = "{Spectroscopic Constraints on the Buildup of Intracluster Light in the Coma Cluster}",
      journal = {\apj},
     keywords = {270, 594},
         year = 2020,
        month = may,
       volume = {894},
       number = {1},
          eid = {32},
        pages = {32},
          doi = {10.3847/1538-4357/ab845c},
       adsurl = {https://ui.adsabs.harvard.edu/abs/2020ApJ...894...32G},
      adsnote = {Provided by the SAO/NASA Astrophysics Data System}
}

@ARTICLE{Cui2014,
       author = {{Cui}, Weiguang and {Murante}, G. and {Monaco}, P. and {Borgani}, S. and {Granato}, G.~L. and {Killedar}, M. and {De Lucia}, G. and {Presotto}, V. and {Dolag}, K.},
        title = "{Characterizing diffused stellar light in simulated galaxy clusters}",
      journal = {\mnras},
     keywords = {galaxies: clusters: general, galaxies: evolution, galaxies: formation, galaxies: statistics, galaxies: stellar content, cosmology: theory, Astrophysics - Cosmology and Nongalactic Astrophysics, Astrophysics - Astrophysics of Galaxies},
         year = 2014,
        month = jan,
       volume = {437},
       number = {1},
        pages = {816-830},
          doi = {10.1093/mnras/stt1940},
archivePrefix = {arXiv},
       eprint = {1310.1396},
 primaryClass = {astro-ph.CO},
       adsurl = {https://ui.adsabs.harvard.edu/abs/2014MNRAS.437..816C},
      adsnote = {Provided by the SAO/NASA Astrophysics Data System}
}

@ARTICLE{Dolag2010,
       author = {{Dolag}, K. and {Murante}, G. and {Borgani}, S.},
        title = "{Dynamical difference between the cD galaxy and the diffuse, stellar component in simulated galaxy clusters}",
      journal = {\mnras},
     keywords = {hydrodynamics, methods: numerical, galaxies: cluster: general, galaxies: evolution, cosmology: theory, Astrophysics - Cosmology and Nongalactic Astrophysics},
         year = 2010,
        month = jul,
       volume = {405},
       number = {3},
        pages = {1544-1559},
          doi = {10.1111/j.1365-2966.2010.16583.x},
archivePrefix = {arXiv},
       eprint = {0911.1129},
 primaryClass = {astro-ph.CO},
       adsurl = {https://ui.adsabs.harvard.edu/abs/2010MNRAS.405.1544D},
      adsnote = {Provided by the SAO/NASA Astrophysics Data System}
}

@ARTICLE{Puchwein2010,
       author = {{Puchwein}, Ewald and {Springel}, Volker and {Sijacki}, Debora and {Dolag}, Klaus},
        title = "{Intracluster stars in simulations with active galactic nucleus feedback}",
      journal = {\mnras},
     keywords = {black hole physics, methods: numerical, galaxies: clusters: general, galaxies: formation, cosmology: theory, Astrophysics - Cosmology and Nongalactic Astrophysics},
         year = 2010,
        month = aug,
       volume = {406},
       number = {2},
        pages = {936-951},
          doi = {10.1111/j.1365-2966.2010.16786.x},
archivePrefix = {arXiv},
       eprint = {1001.3018},
 primaryClass = {astro-ph.CO},
       adsurl = {https://ui.adsabs.harvard.edu/abs/2010MNRAS.406..936P},
      adsnote = {Provided by the SAO/NASA Astrophysics Data System}
}


@ARTICLE{Burke2012,
       author = {{Burke}, Claire and {Collins}, Chris A. and {Stott}, John P. and {Hilton}, Matt},
        title = "{Measurement of the intracluster light at z {\ensuremath{\sim}} 1}",
      journal = {\mnras},
     keywords = {galaxies: clusters: general, galaxies: clusters: intracluster medium, galaxies: elliptical and lenticular, cD, galaxies: evolution, galaxies: interactions, galaxies: clusters: general, galaxies: clusters: intracluster medium, galaxies: elliptical and lenticular, cD, galaxies: evolution, galaxies: interactions, Astrophysics - Cosmology and Nongalactic Astrophysics},
         year = 2012,
        month = sep,
       volume = {425},
       number = {3},
        pages = {2058-2068},
          doi = {10.1111/j.1365-2966.2012.21555.x},
archivePrefix = {arXiv},
       eprint = {1206.4735},
 primaryClass = {astro-ph.CO},
       adsurl = {https://ui.adsabs.harvard.edu/abs/2012MNRAS.425.2058B},
      adsnote = {Provided by the SAO/NASA Astrophysics Data System}
}

@ARTICLE{Tang2018,
       author = {{Tang}, Lin and {Lin}, Weipeng and {Cui}, Weiguang and {Kang}, Xi and {Wang}, Yang and {Contini}, E. and {Yu}, Yu},
        title = "{An Investigation of Intracluster Light Evolution Using Cosmological Hydrodynamical Simulations}",
      journal = {\apj},
     keywords = {galaxies: clusters: general, galaxies: clusters: intracluster medium, galaxies: evolution, galaxies: statistics, methods: numerical, methods: observational, Astrophysics - Astrophysics of Galaxies},
         year = 2018,
        month = jun,
       volume = {859},
       number = {2},
          eid = {85},
        pages = {85},
          doi = {10.3847/1538-4357/aabd78},
archivePrefix = {arXiv},
       eprint = {1804.03335},
 primaryClass = {astro-ph.GA},
       adsurl = {https://ui.adsabs.harvard.edu/abs/2018ApJ...859...85T},
      adsnote = {Provided by the SAO/NASA Astrophysics Data System}
}

@ARTICLE{Furnell2021,
       author = {{Furnell}, Kate E. and {Collins}, Chris A. and {Kelvin}, Lee S. and {Baldry}, Ivan K. and {James}, Phil A. and {Manolopoulou}, Maria and {Mann}, Robert G. and {Giles}, Paul A. and {Bermeo}, Alberto and {Hilton}, Matthew and {Wilkinson}, Reese and {Romer}, A. Kathy and {Vergara}, Carlos and {Bhargava}, Sunayana and {Stott}, John P. and {Mayers}, Julian and {Viana}, Pedro},
        title = "{The growth of intracluster light in XCS-HSC galaxy clusters from 0.1 < z < 0.5}",
      journal = {\mnras},
     keywords = {galaxies, cosmology, galaxy clusters, Astrophysics - Astrophysics of Galaxies},
         year = 2021,
        month = apr,
       volume = {502},
       number = {2},
        pages = {2419-2437},
          doi = {10.1093/mnras/stab065},
archivePrefix = {arXiv},
       eprint = {2101.01644},
 primaryClass = {astro-ph.GA},
       adsurl = {https://ui.adsabs.harvard.edu/abs/2021MNRAS.502.2419F},
      adsnote = {Provided by the SAO/NASA Astrophysics Data System}
}

@ARTICLE{Presotto2014,
       author = {{Presotto}, V. and {Girardi}, M. and {Nonino}, M. and {Mercurio}, A. and {Grillo}, C. and {Rosati}, P. and {Biviano}, A. and {Annunziatella}, M. and {Balestra}, I. and {Cui}, W. and {Sartoris}, B. and {Lemze}, D. and {Ascaso}, B. and {Moustakas}, J. and {Ford}, H. and {Fritz}, A. and {Czoske}, O. and {Ettori}, S. and {Kuchner}, U. and {Lombardi}, M. and {Maier}, C. and {Medezinski}, E. and {Molino}, A. and {Scodeggio}, M. and {Strazzullo}, V. and {Tozzi}, P. and {Ziegler}, B. and {Bartelmann}, M. and {Benitez}, N. and {Bradley}, L. and {Brescia}, M. and {Broadhurst}, T. and {Coe}, D. and {Donahue}, M. and {Gobat}, R. and {Graves}, G. and {Kelson}, D. and {Koekemoer}, A. and {Melchior}, P. and {Meneghetti}, M. and {Merten}, J. and {Moustakas}, L.~A. and {Munari}, E. and {Postman}, M. and {Reg{\H{o}}s}, E. and {Seitz}, S. and {Umetsu}, K. and {Zheng}, W. and {Zitrin}, A.},
        title = "{Intracluster light properties in the CLASH-VLT cluster MACS J1206.2-0847}",
      journal = {\aap},
     keywords = {galaxies: clusters: individual: MACS J1206.2-0847, cosmology: observations, Astrophysics - Cosmology and Nongalactic Astrophysics, Astrophysics - Astrophysics of Galaxies},
         year = 2014,
        month = may,
       volume = {565},
          eid = {A126},
        pages = {A126},
          doi = {10.1051/0004-6361/201323251},
archivePrefix = {arXiv},
       eprint = {1403.4979},
 primaryClass = {astro-ph.CO},
       adsurl = {https://ui.adsabs.harvard.edu/abs/2014A&A...565A.126P},
      adsnote = {Provided by the SAO/NASA Astrophysics Data System}
}

@ARTICLE{Seigar2007,
       author = {{Seigar}, Marc S. and {Graham}, Alister W. and {Jerjen}, Helmut},
        title = "{Intracluster light and the extended stellar envelopes of cD galaxies: an analytical description}",
      journal = {\mnras},
     keywords = {galaxies: elliptical and lenticular, cD, galaxies: formation, galaxies: fundamental parameters, galaxies: haloes, galaxies: structure, Astrophysics},
         year = 2007,
        month = jul,
       volume = {378},
       number = {4},
        pages = {1575-1588},
          doi = {10.1111/j.1365-2966.2007.11899.x},
archivePrefix = {arXiv},
       eprint = {astro-ph/0612229},
 primaryClass = {astro-ph},
       adsurl = {https://ui.adsabs.harvard.edu/abs/2007MNRAS.378.1575S},
      adsnote = {Provided by the SAO/NASA Astrophysics Data System}
}

@ARTICLE{Gonzalez2005,
       author = {{Gonzalez}, Anthony H. and {Zabludoff}, Ann I. and {Zaritsky}, Dennis},
        title = "{Intracluster Light in Nearby Galaxy Clusters: Relationship to the Halos of Brightest Cluster Galaxies}",
      journal = {\apj},
     keywords = {Galaxies: Clusters: General, Galaxies: Elliptical and Lenticular, cD, Galaxies: Evolution, Galaxies: Formation, Galaxies: Fundamental Parameters, Astrophysics},
         year = 2005,
        month = jan,
       volume = {618},
       number = {1},
        pages = {195-213},
          doi = {10.1086/425896},
archivePrefix = {arXiv},
       eprint = {astro-ph/0406244},
 primaryClass = {astro-ph},
       adsurl = {https://ui.adsabs.harvard.edu/abs/2005ApJ...618..195G},
      adsnote = {Provided by the SAO/NASA Astrophysics Data System}
}

@ARTICLE{Donzelli2011,
       author = {{Donzelli}, C.~J. and {Muriel}, H. and {Madrid}, J.~P.},
        title = "{The Luminosity Profiles of Brightest Cluster Galaxies}",
      journal = {\apjs},
     keywords = {galaxies: clusters: general, galaxies: elliptical and lenticular, cD, galaxies: interactions, Astrophysics - Cosmology and Nongalactic Astrophysics},
         year = 2011,
        month = aug,
       volume = {195},
       number = {2},
          eid = {15},
        pages = {15},
          doi = {10.1088/0067-0049/195/2/15},
archivePrefix = {arXiv},
       eprint = {1109.0996},
 primaryClass = {astro-ph.CO},
       adsurl = {https://ui.adsabs.harvard.edu/abs/2011ApJS..195...15D},
      adsnote = {Provided by the SAO/NASA Astrophysics Data System}
}

@ARTICLE{Cooper2015,
       author = {{Cooper}, A.~P. and {Gao}, L. and {Guo}, Q. and {Frenk}, C.~S. and {Jenkins}, A. and {Springel}, V. and {White}, S.~D.~M.},
        title = "{Surface photometry of brightest cluster galaxies and intracluster stars in {\ensuremath{\Lambda}}CDM}",
      journal = {\mnras},
     keywords = {methods: numerical, galaxies: clusters: general, galaxies: elliptical and lenticular, cD, galaxies: haloes, galaxies: photometry, galaxies: structure, Astrophysics - Astrophysics of Galaxies},
         year = 2015,
        month = aug,
       volume = {451},
       number = {3},
        pages = {2703-2722},
          doi = {10.1093/mnras/stv1042},
archivePrefix = {arXiv},
       eprint = {1407.5627},
 primaryClass = {astro-ph.GA},
       adsurl = {https://ui.adsabs.harvard.edu/abs/2015MNRAS.451.2703C},
      adsnote = {Provided by the SAO/NASA Astrophysics Data System}
}

@ARTICLE{Montes2021,
       author = {{Montes}, Mireia and {Brough}, Sarah and {Owers}, Matt S. and {Santucci}, Giulia},
        title = "{The Buildup of the Intracluster Light of A85 as Seen by Subaru's Hyper Suprime-Cam}",
      journal = {\apj},
     keywords = {Galaxy clusters, Abell clusters, Galactic and extragalactic astronomy, Galaxy stellar halos, Photometry, Stellar populations, 584, 9, 563, 598, 1234, 1622, Astrophysics - Astrophysics of Galaxies, Astrophysics - Cosmology and Nongalactic Astrophysics},
         year = 2021,
        month = mar,
       volume = {910},
       number = {1},
          eid = {45},
        pages = {45},
          doi = {10.3847/1538-4357/abddb6},
archivePrefix = {arXiv},
       eprint = {2101.08290},
 primaryClass = {astro-ph.GA},
       adsurl = {https://ui.adsabs.harvard.edu/abs/2021ApJ...910...45M},
      adsnote = {Provided by the SAO/NASA Astrophysics Data System}
}

@ARTICLE{Montes2019,
       author = {{Montes}, Mireia and {Trujillo}, Ignacio},
        title = "{Intracluster light: a luminous tracer for dark matter in clusters of galaxies}",
      journal = {\mnras},
     keywords = {galaxies: evolution, galaxies: haloes, galaxies: photometry, dark matter, Astrophysics - Astrophysics of Galaxies, Astrophysics - Cosmology and Nongalactic Astrophysics},
         year = 2019,
        month = jan,
       volume = {482},
       number = {2},
        pages = {2838-2851},
          doi = {10.1093/mnras/sty2858},
archivePrefix = {arXiv},
       eprint = {1807.11488},
 primaryClass = {astro-ph.GA},
       adsurl = {https://ui.adsabs.harvard.edu/abs/2019MNRAS.482.2838M},
      adsnote = {Provided by the SAO/NASA Astrophysics Data System}
}

@ARTICLE{Pillepich2018,
       author = {{Pillepich}, Annalisa and {Nelson}, Dylan and {Hernquist}, Lars and {Springel}, Volker and {Pakmor}, R{\"u}diger and {Torrey}, Paul and {Weinberger}, Rainer and {Genel}, Shy and {Naiman}, Jill P. and {Marinacci}, Federico and {Vogelsberger}, Mark},
        title = "{First results from the IllustrisTNG simulations: the stellar mass content of groups and clusters of galaxies}",
      journal = {\mnras},
     keywords = {methods: numerical, galaxies: clusters: general, galaxies: general, galaxies: groups: general, cosmology: theory, Astrophysics - Astrophysics of Galaxies, Astrophysics - Cosmology and Nongalactic Astrophysics},
         year = 2018,
        month = mar,
       volume = {475},
       number = {1},
        pages = {648-675},
          doi = {10.1093/mnras/stx3112},
archivePrefix = {arXiv},
       eprint = {1707.03406},
 primaryClass = {astro-ph.GA},
       adsurl = {https://ui.adsabs.harvard.edu/abs/2018MNRAS.475..648P},
      adsnote = {Provided by the SAO/NASA Astrophysics Data System}
}

@ARTICLE{Poliakov2021,
       author = {{Poliakov}, Denis and {Mosenkov}, Aleksandr V. and {Brosch}, Noah and {Koriski}, Shuki and {Rich}, R. Michael},
        title = "{Quantified diffuse light in compact groups of galaxies}",
      journal = {\mnras},
     keywords = {methods: data analysis, techniques: image processing, galaxies: general, galaxies: groups: general, Astrophysics - Astrophysics of Galaxies},
         year = 2021,
        month = jun,
       volume = {503},
       number = {4},
        pages = {6059-6077},
          doi = {10.1093/mnras/stab853},
archivePrefix = {arXiv},
       eprint = {2103.11924},
 primaryClass = {astro-ph.GA},
       adsurl = {https://ui.adsabs.harvard.edu/abs/2021MNRAS.503.6059P},
      adsnote = {Provided by the SAO/NASA Astrophysics Data System}
}

@ARTICLE{AlonsoAsensio2020,
       author = {{Alonso Asensio}, Isaac and {Dalla Vecchia}, Claudio and {Bah{\'e}}, Yannick M. and {Barnes}, David J. and {Kay}, Scott T.},
        title = "{The intracluster light as a tracer of the total matter density distribution: a view from simulations}",
      journal = {\mnras},
     keywords = {methods: numerical, galaxies: clusters: general, Astrophysics - Astrophysics of Galaxies},
         year = 2020,
        month = may,
       volume = {494},
       number = {2},
        pages = {1859-1864},
          doi = {10.1093/mnras/staa861},
archivePrefix = {arXiv},
       eprint = {2003.04662},
 primaryClass = {astro-ph.GA},
       adsurl = {https://ui.adsabs.harvard.edu/abs/2020MNRAS.494.1859A},
      adsnote = {Provided by the SAO/NASA Astrophysics Data System}
}

@ARTICLE{Purcell2007,
       author = {{Purcell}, Chris W. and {Bullock}, James S. and {Zentner}, Andrew R.},
        title = "{Shredded Galaxies as the Source of Diffuse Intrahalo Light on Varying Scales}",
      journal = {\apj},
     keywords = {Cosmology: Theory, Galaxies: Evolution, Galaxies: Formation, Astrophysics},
         year = 2007,
        month = sep,
       volume = {666},
       number = {1},
        pages = {20-33},
          doi = {10.1086/519787},
archivePrefix = {arXiv},
       eprint = {astro-ph/0703004},
 primaryClass = {astro-ph},
       adsurl = {https://ui.adsabs.harvard.edu/abs/2007ApJ...666...20P},
      adsnote = {Provided by the SAO/NASA Astrophysics Data System}
}

@ARTICLE{Contini2014,
       author = {{Contini}, E. and {De Lucia}, G. and {Villalobos}, {\'A}. and {Borgani}, S.},
        title = "{On the formation and physical properties of the intracluster light in hierarchical galaxy formation models}",
      journal = {\mnras},
     keywords = {galaxies: clusters: general, galaxies: evolution, galaxies: formation, Astrophysics - Cosmology and Nongalactic Astrophysics},
         year = 2014,
        month = feb,
       volume = {437},
       number = {4},
        pages = {3787-3802},
          doi = {10.1093/mnras/stt2174},
archivePrefix = {arXiv},
       eprint = {1311.2076},
 primaryClass = {astro-ph.CO},
       adsurl = {https://ui.adsabs.harvard.edu/abs/2014MNRAS.437.3787C},
      adsnote = {Provided by the SAO/NASA Astrophysics Data System}
}


@ARTICLE{Morishita2017,
       author = {{Morishita}, Takahiro and {Abramson}, Louis E. and {Treu}, Tommaso and {Schmidt}, Kasper B. and {Vulcani}, Benedetta and {Wang}, Xin},
        title = "{Characterizing Intracluster Light in the Hubble Frontier Fields}",
      journal = {\apj},
     keywords = {galaxies: clusters: general, galaxies: clusters: intracluster medium, galaxies: evolution, Astrophysics - Astrophysics of Galaxies},
         year = 2017,
        month = sep,
       volume = {846},
       number = {2},
          eid = {139},
        pages = {139},
          doi = {10.3847/1538-4357/aa8403},
archivePrefix = {arXiv},
       eprint = {1610.08503},
 primaryClass = {astro-ph.GA},
       adsurl = {https://ui.adsabs.harvard.edu/abs/2017ApJ...846..139M},
      adsnote = {Provided by the SAO/NASA Astrophysics Data System}
}

@ARTICLE{DeMaio2015,
       author = {{DeMaio}, Tahlia and {Gonzalez}, Anthony H. and {Zabludoff}, Ann and {Zaritsky}, Dennis and {Brada{\v{c}}}, Maru{\v{s}}a},
        title = "{On the origin of the intracluster light in massive galaxy clusters}",
      journal = {\mnras},
     keywords = {galaxies: clusters: general, galaxies: elliptical and lenticular, cD, galaxies: evolution, galaxies: formation, Astrophysics - Astrophysics of Galaxies, Astrophysics - Cosmology and Nongalactic Astrophysics},
         year = 2015,
        month = apr,
       volume = {448},
       number = {2},
        pages = {1162-1177},
          doi = {10.1093/mnras/stv033},
archivePrefix = {arXiv},
       eprint = {1501.02251},
 primaryClass = {astro-ph.GA},
       adsurl = {https://ui.adsabs.harvard.edu/abs/2015MNRAS.448.1162D},
      adsnote = {Provided by the SAO/NASA Astrophysics Data System}
}

@ARTICLE{DeMaio2018,
       author = {{DeMaio}, Tahlia and {Gonzalez}, Anthony H. and {Zabludoff}, Ann and {Zaritsky}, Dennis and {Connor}, Thomas and {Donahue}, Megan and {Mulchaey}, John S.},
        title = "{Lost but not forgotten: intracluster light in galaxy groups and clusters}",
      journal = {\mnras},
     keywords = {galaxies: clusters: general, galaxies: elliptical and lenticular, cD, galaxies: evolution, galaxies: formation, Astrophysics - Astrophysics of Galaxies},
         year = 2018,
        month = mar,
       volume = {474},
       number = {3},
        pages = {3009-3031},
          doi = {10.1093/mnras/stx2946},
archivePrefix = {arXiv},
       eprint = {1710.11313},
 primaryClass = {astro-ph.GA},
       adsurl = {https://ui.adsabs.harvard.edu/abs/2018MNRAS.474.3009D},
      adsnote = {Provided by the SAO/NASA Astrophysics Data System}
}

@ARTICLE{Montes2014,
       author = {{Montes}, Mireia and {Trujillo}, Ignacio},
        title = "{Intracluster Light at the Frontier: A2744}",
      journal = {\apj},
     keywords = {galaxies: clusters: individual: A2744, galaxies: evolution, galaxies: halos, galaxies: photometry, Astrophysics - Cosmology and Nongalactic Astrophysics, Astrophysics - Astrophysics of Galaxies},
         year = 2014,
        month = oct,
       volume = {794},
       number = {2},
          eid = {137},
        pages = {137},
          doi = {10.1088/0004-637X/794/2/137},
archivePrefix = {arXiv},
       eprint = {1405.2070},
 primaryClass = {astro-ph.CO},
       adsurl = {https://ui.adsabs.harvard.edu/abs/2014ApJ...794..137M},
      adsnote = {Provided by the SAO/NASA Astrophysics Data System}
}

@ARTICLE{Martel2012,
       author = {{Martel}, Hugo and {Barai}, Paramita and {Brito}, William},
        title = "{The Fate of Dwarf Galaxies in Clusters and the Origin of Intracluster Stars. II. Cosmological Simulations}",
      journal = {\apj},
     keywords = {galaxies: clusters: general, galaxies: formation, galaxies: interactions, methods: numerical, Astrophysics - Cosmology and Nongalactic Astrophysics},
         year = 2012,
        month = sep,
       volume = {757},
       number = {1},
          eid = {48},
        pages = {48},
          doi = {10.1088/0004-637X/757/1/48},
archivePrefix = {arXiv},
       eprint = {1207.6673},
 primaryClass = {astro-ph.CO},
       adsurl = {https://ui.adsabs.harvard.edu/abs/2012ApJ...757...48M},
      adsnote = {Provided by the SAO/NASA Astrophysics Data System}
}

@ARTICLE{Burke2015,
       author = {{Burke}, Claire and {Hilton}, Matt and {Collins}, Chris},
        title = "{Coevolution of brightest cluster galaxies and intracluster light using CLASH}",
      journal = {\mnras},
     keywords = {galaxies: clusters: general, galaxies: clusters: intracluster medium, galaxies: elliptical and lenticular, cD, galaxies: evolution, galaxies: interactions, Astrophysics - Cosmology and Nongalactic Astrophysics, Astrophysics - Astrophysics of Galaxies},
         year = 2015,
        month = may,
       volume = {449},
       number = {3},
        pages = {2353-2367},
          doi = {10.1093/mnras/stv450},
archivePrefix = {arXiv},
       eprint = {1503.04321},
 primaryClass = {astro-ph.CO},
       adsurl = {https://ui.adsabs.harvard.edu/abs/2015MNRAS.449.2353B},
      adsnote = {Provided by the SAO/NASA Astrophysics Data System}
}

@ARTICLE{Murante2007,
       author = {{Murante}, Giuseppe and {Giovalli}, Martina and {Gerhard}, Ortwin and {Arnaboldi}, Magda and {Borgani}, Stefano and {Dolag}, Klaus},
        title = "{The importance of mergers for the origin of intracluster stars in cosmological simulations of galaxy clusters}",
      journal = {\mnras},
     keywords = {galaxies: clusters: general, galaxies: elliptical and lenticular, cD, galaxies: evolution, Astrophysics},
         year = 2007,
        month = may,
       volume = {377},
       number = {1},
        pages = {2-16},
          doi = {10.1111/j.1365-2966.2007.11568.x},
archivePrefix = {arXiv},
       eprint = {astro-ph/0701925},
 primaryClass = {astro-ph},
       adsurl = {https://ui.adsabs.harvard.edu/abs/2007MNRAS.377....2M},
      adsnote = {Provided by the SAO/NASA Astrophysics Data System}
}

@ARTICLE{Montes2018,
       author = {{Montes}, Mireia and {Trujillo}, Ignacio},
        title = "{Intracluster light at the Frontier - II. The Frontier Fields Clusters}",
      journal = {\mnras},
     keywords = {galaxies: clusters: general, galaxies: evolution, galaxies: haloes, galaxies: photometry, Astrophysics - Cosmology and Nongalactic Astrophysics, Astrophysics - Astrophysics of Galaxies},
         year = 2018,
        month = feb,
       volume = {474},
       number = {1},
        pages = {917-932},
          doi = {10.1093/mnras/stx2847},
archivePrefix = {arXiv},
       eprint = {1710.03240},
 primaryClass = {astro-ph.CO},
       adsurl = {https://ui.adsabs.harvard.edu/abs/2018MNRAS.474..917M},
      adsnote = {Provided by the SAO/NASA Astrophysics Data System}
}

@ARTICLE{Contini2018,
       author = {{Contini}, E. and {Yi}, S.~K. and {Kang}, X.},
        title = "{The different growth pathways of brightest cluster galaxies and intracluster light}",
      journal = {\mnras},
     keywords = {galaxy: formation, galaxies: evolution, Astrophysics - Astrophysics of Galaxies},
         year = 2018,
        month = sep,
       volume = {479},
       number = {1},
        pages = {932-944},
          doi = {10.1093/mnras/sty1518},
archivePrefix = {arXiv},
       eprint = {1806.01480},
 primaryClass = {astro-ph.GA},
       adsurl = {https://ui.adsabs.harvard.edu/abs/2018MNRAS.479..932C},
      adsnote = {Provided by the SAO/NASA Astrophysics Data System}
}

@ARTICLE{Contini2019,
       author = {{Contini}, E. and {Yi}, S.~K. and {Kang}, X.},
        title = "{Theoretical Predictions of Colors and Metallicity of the Intracluster Light}",
      journal = {\apj},
     keywords = {galaxies: clusters: general, Astrophysics - Astrophysics of Galaxies},
         year = 2019,
        month = jan,
       volume = {871},
       number = {1},
          eid = {24},
        pages = {24},
          doi = {10.3847/1538-4357/aaf41f},
archivePrefix = {arXiv},
       eprint = {1811.03253},
 primaryClass = {astro-ph.GA},
       adsurl = {https://ui.adsabs.harvard.edu/abs/2019ApJ...871...24C},
      adsnote = {Provided by the SAO/NASA Astrophysics Data System}
}

@ARTICLE{Rudick2009,
       author = {{Rudick}, Craig S. and {Mihos}, J. Christopher and {Frey}, Lucille H. and {McBride}, Cameron K.},
        title = "{Tidal Streams of Intracluster Light}",
      journal = {\apj},
     keywords = {galaxies: clusters: general, galaxies: evolution, galaxies: interactions, galaxies: kinematics and dynamics, methods: N-body simulations, Astrophysics - Galaxy Astrophysics, Astrophysics - Cosmology and Extragalactic Astrophysics},
         year = 2009,
        month = jul,
       volume = {699},
       number = {2},
        pages = {1518-1529},
          doi = {10.1088/0004-637X/699/2/1518},
archivePrefix = {arXiv},
       eprint = {0906.1185},
 primaryClass = {astro-ph.GA},
       adsurl = {https://ui.adsabs.harvard.edu/abs/2009ApJ...699.1518R},
      adsnote = {Provided by the SAO/NASA Astrophysics Data System}
}

@ARTICLE{JimenezTeja2019,
       author = {{Jim{\'e}nez-Teja}, Y. and {Dupke}, R.~A. and {Lopes de Oliveira}, R. and {Xavier}, H.~S. and {Coelho}, P.~R.~T. and {Chies-Santos}, A.~L. and {L{\'o}pez-Sanjuan}, C. and {Alvarez-Candal}, A. and {Costa-Duarte}, M.~V. and {Telles}, E. and {Hernandez-Jimenez}, J.~A. and {Ben{\'\i}tez}, N. and {Alcaniz}, J. and {Cenarro}, J. and {Crist{\'o}bal-Hornillos}, D. and {Ederoclite}, A. and {Mar{\'\i}n-Franch}, A. and {Mendes de Oliveira}, C. and {Moles}, M. and {Sodr{\'e}}, L. and {Varela}, J. and {V{\'a}zquez Rami{\'o}}, H.},
        title = "{J-PLUS: Analysis of the intracluster light in the Coma cluster}",
      journal = {\aap},
     keywords = {galaxies: clusters: individual: Coma, techniques: image processing, Astrophysics - Astrophysics of Galaxies},
         year = 2019,
        month = feb,
       volume = {622},
          eid = {A183},
        pages = {A183},
          doi = {10.1051/0004-6361/201833547},
archivePrefix = {arXiv},
       eprint = {1810.01424},
 primaryClass = {astro-ph.GA},
       adsurl = {https://ui.adsabs.harvard.edu/abs/2019A&A...622A.183J},
      adsnote = {Provided by the SAO/NASA Astrophysics Data System}
}

@ARTICLE{JimenezTeja2018,
       author = {{Jim{\'e}nez-Teja}, Yolanda and {Dupke}, Renato and {Ben{\'\i}tez}, Narciso and {Koekemoer}, Anton M. and {Zitrin}, Adi and {Umetsu}, Keiichi and {Ziegler}, Bodo L. and {Frye}, Brenda L. and {Ford}, Holland and {Bouwens}, Rychard J. and {Bradley}, Larry D. and {Broadhurst}, Thomas and {Coe}, Dan and {Donahue}, Megan and {Graves}, Genevieve J. and {Grillo}, Claudio and {Infante}, Leopoldo and {Jouvel}, Stephanie and {Kelson}, Daniel D. and {Lahav}, Ofer and {Lazkoz}, Ruth and {Lemze}, Dorom and {Maoz}, Dan and {Medezinski}, Elinor and {Melchior}, Peter and {Meneghetti}, Massimo and {Mercurio}, Amata and {Merten}, Julian and {Molino}, Alberto and {Moustakas}, Leonidas A. and {Nonino}, Mario and {Ogaz}, Sara and {Riess}, Adam G. and {Rosati}, Piero and {Sayers}, Jack and {Seitz}, Stella and {Zheng}, Wei},
        title = "{Unveiling the Dynamical State of Massive Clusters through the ICL Fraction}",
      journal = {\apj},
     keywords = {galaxies: clusters: general, techniques: image processing, Astrophysics - Astrophysics of Galaxies},
         year = 2018,
        month = apr,
       volume = {857},
       number = {2},
          eid = {79},
        pages = {79},
          doi = {10.3847/1538-4357/aab70f},
archivePrefix = {arXiv},
       eprint = {1803.04981},
 primaryClass = {astro-ph.GA},
       adsurl = {https://ui.adsabs.harvard.edu/abs/2018ApJ...857...79J},
      adsnote = {Provided by the SAO/NASA Astrophysics Data System}
}

@ARTICLE{Rudick2006,
       author = {{Rudick}, Craig S. and {Mihos}, J. Christopher and {McBride}, Cameron},
        title = "{The Formation and Evolution of Intracluster Light}",
      journal = {\apj},
     keywords = {Galaxies: Clusters: General, Galaxies: Evolution, Galaxies: Interactions, Galaxies: Kinematics and Dynamics, Methods: n-Body Simulations, Astrophysics},
         year = 2006,
        month = sep,
       volume = {648},
       number = {2},
        pages = {936-946},
          doi = {10.1086/506176},
archivePrefix = {arXiv},
       eprint = {astro-ph/0605603},
 primaryClass = {astro-ph},
       adsurl = {https://ui.adsabs.harvard.edu/abs/2006ApJ...648..936R},
      adsnote = {Provided by the SAO/NASA Astrophysics Data System}
}

@ARTICLE{Willman2004,
       author = {{Willman}, Beth and {Governato}, Fabio and {Wadsley}, James and {Quinn}, Thomas},
        title = "{The origin and properties of intracluster stars in a rich cluster}",
      journal = {\mnras},
     keywords = {galaxies: clusters: general, galaxies: elliptical and lenticular, cD, galaxies: evolution, galaxies: formation, Astrophysics},
         year = 2004,
        month = nov,
       volume = {355},
       number = {1},
        pages = {159-168},
          doi = {10.1111/j.1365-2966.2004.08312.x},
archivePrefix = {arXiv},
       eprint = {astro-ph/0405094},
 primaryClass = {astro-ph},
       adsurl = {https://ui.adsabs.harvard.edu/abs/2004MNRAS.355..159W},
      adsnote = {Provided by the SAO/NASA Astrophysics Data System}
}

@ARTICLE{Han2018,
       author = {{Han}, San and {Smith}, Rory and {Choi}, Hoseung and {Cortese}, Luca and {Catinella}, Barbara and {Contini}, Emanuele and {Yi}, Sukyoung K.},
        title = "{YZiCS: Preprocessing of Dark Halos in the Hydrodynamic Zoom-in Simulation of Clusters}",
      journal = {\apj},
     keywords = {galaxies: clusters: general, galaxies: evolution, galaxies: groups: general, galaxies: halos, galaxies: statistics, methods: numerical, Astrophysics - Astrophysics of Galaxies},
         year = 2018,
        month = oct,
       volume = {866},
       number = {2},
          eid = {78},
        pages = {78},
          doi = {10.3847/1538-4357/aadfe2},
archivePrefix = {arXiv},
       eprint = {1809.02763},
 primaryClass = {astro-ph.GA},
       adsurl = {https://ui.adsabs.harvard.edu/abs/2018ApJ...866...78H},
      adsnote = {Provided by the SAO/NASA Astrophysics Data System}
}

@ARTICLE{Mihos2017,
       author = {{Mihos}, J. Christopher and {Harding}, Paul and {Feldmeier}, John J. and {Rudick}, Craig and {Janowiecki}, Steven and {Morrison}, Heather and {Slater}, Colin and {Watkins}, Aaron},
        title = "{The Burrell Schmidt Deep Virgo Survey: Tidal Debris, Galaxy Halos, and Diffuse Intracluster Light in the Virgo Cluster}",
      journal = {\apj},
     keywords = {galaxies: clusters: individual: Virgo, galaxies: individual: M87, M49, NGC 4365, galaxies: interactions, techniques: photometric, Astrophysics - Astrophysics of Galaxies},
         year = 2017,
        month = jan,
       volume = {834},
       number = {1},
          eid = {16},
        pages = {16},
          doi = {10.3847/1538-4357/834/1/16},
archivePrefix = {arXiv},
       eprint = {1611.04435},
 primaryClass = {astro-ph.GA},
       adsurl = {https://ui.adsabs.harvard.edu/abs/2017ApJ...834...16M},
      adsnote = {Provided by the SAO/NASA Astrophysics Data System}
}

@ARTICLE{PlanckCollaboration2016,
       author = {{Planck Collaboration} and {Ade}, P.~A.~R. and {Aghanim}, N. and {Arnaud}, M. and {Ashdown}, M. and {Aumont}, J. and {Baccigalupi}, C. and {Banday}, A.~J. and {Barreiro}, R.~B. and {Bartlett}, J.~G. and {Bartolo}, N. and {Battaner}, E. and {Battye}, R. and {Benabed}, K. and {Beno{\^\i}t}, A. and {Benoit-L{\'e}vy}, A. and {Bernard}, J. -P. and {Bersanelli}, M. and {Bielewicz}, P. and {Bock}, J.~J. and {Bonaldi}, A. and {Bonavera}, L. and {Bond}, J.~R. and {Borrill}, J. and {Bouchet}, F.~R. and {Boulanger}, F. and {Bucher}, M. and {Burigana}, C. and {Butler}, R.~C. and {Calabrese}, E. and {Cardoso}, J. -F. and {Catalano}, A. and {Challinor}, A. and {Chamballu}, A. and {Chary}, R. -R. and {Chiang}, H.~C. and {Chluba}, J. and {Christensen}, P.~R. and {Church}, S. and {Clements}, D.~L. and {Colombi}, S. and {Colombo}, L.~P.~L. and {Combet}, C. and {Coulais}, A. and {Crill}, B.~P. and {Curto}, A. and {Cuttaia}, F. and {Danese}, L. and {Davies}, R.~D. and {Davis}, R.~J. and {de Bernardis}, P. and {de Rosa}, A. and {de Zotti}, G. and {Delabrouille}, J. and {D{\'e}sert}, F. -X. and {Di Valentino}, E. and {Dickinson}, C. and {Diego}, J.~M. and {Dolag}, K. and {Dole}, H. and {Donzelli}, S. and {Dor{\'e}}, O. and {Douspis}, M. and {Ducout}, A. and {Dunkley}, J. and {Dupac}, X. and {Efstathiou}, G. and {Elsner}, F. and {En{\ss}lin}, T.~A. and {Eriksen}, H.~K. and {Farhang}, M. and {Fergusson}, J. and {Finelli}, F. and {Forni}, O. and {Frailis}, M. and {Fraisse}, A.~A. and {Franceschi}, E. and {Frejsel}, A. and {Galeotta}, S. and {Galli}, S. and {Ganga}, K. and {Gauthier}, C. and {Gerbino}, M. and {Ghosh}, T. and {Giard}, M. and {Giraud-H{\'e}raud}, Y. and {Giusarma}, E. and {Gjerl{\o}w}, E. and {Gonz{\'a}lez-Nuevo}, J. and {G{\'o}rski}, K.~M. and {Gratton}, S. and {Gregorio}, A. and {Gruppuso}, A. and {Gudmundsson}, J.~E. and {Hamann}, J. and {Hansen}, F.~K. and {Hanson}, D. and {Harrison}, D.~L. and {Helou}, G. and {Henrot-Versill{\'e}}, S. and {Hern{\'a}ndez-Monteagudo}, C. and {Herranz}, D. and {Hildebrandt}, S.~R. and {Hivon}, E. and {Hobson}, M. and {Holmes}, W.~A. and {Hornstrup}, A. and {Hovest}, W. and {Huang}, Z. and {Huffenberger}, K.~M. and {Hurier}, G. and {Jaffe}, A.~H. and {Jaffe}, T.~R. and {Jones}, W.~C. and {Juvela}, M. and {Keih{\"a}nen}, E. and {Keskitalo}, R. and {Kisner}, T.~S. and {Kneissl}, R. and {Knoche}, J. and {Knox}, L. and {Kunz}, M. and {Kurki-Suonio}, H. and {Lagache}, G. and {L{\"a}hteenm{\"a}ki}, A. and {Lamarre}, J. -M. and {Lasenby}, A. and {Lattanzi}, M. and {Lawrence}, C.~R. and {Leahy}, J.~P. and {Leonardi}, R. and {Lesgourgues}, J. and {Levrier}, F. and {Lewis}, A. and {Liguori}, M. and {Lilje}, P.~B. and {Linden-V{\o}rnle}, M. and {L{\'o}pez-Caniego}, M. and {Lubin}, P.~M. and {Mac{\'\i}as-P{\'e}rez}, J.~F. and {Maggio}, G. and {Maino}, D. and {Mandolesi}, N. and {Mangilli}, A. and {Marchini}, A. and {Maris}, M. and {Martin}, P.~G. and {Martinelli}, M. and {Mart{\'\i}nez-Gonz{\'a}lez}, E. and {Masi}, S. and {Matarrese}, S. and {McGehee}, P. and {Meinhold}, P.~R. and {Melchiorri}, A. and {Melin}, J. -B. and {Mendes}, L. and {Mennella}, A. and {Migliaccio}, M. and {Millea}, M. and {Mitra}, S. and {Miville-Desch{\^e}nes}, M. -A. and {Moneti}, A. and {Montier}, L. and {Morgante}, G. and {Mortlock}, D. and {Moss}, A. and {Munshi}, D. and {Murphy}, J.~A. and {Naselsky}, P. and {Nati}, F. and {Natoli}, P. and {Netterfield}, C.~B. and {N{\o}rgaard-Nielsen}, H.~U. and {Noviello}, F. and {Novikov}, D. and {Novikov}, I. and {Oxborrow}, C.~A. and {Paci}, F. and {Pagano}, L. and {Pajot}, F. and {Paladini}, R. and {Paoletti}, D. and {Partridge}, B. and {Pasian}, F. and {Patanchon}, G. and {Pearson}, T.~J. and {Perdereau}, O. and {Perotto}, L. and {Perrotta}, F. and {Pettorino}, V. and {Piacentini}, F. and {Piat}, M. and {Pierpaoli}, E. and {Pietrobon}, D. and {Plaszczynski}, S. and {Pointecouteau}, E. and {Polenta}, G. and {Popa}, L. and {Pratt}, G.~W. and {Pr{\'e}zeau}, G. and {Prunet}, S. and {Puget}, J. -L. and {Rachen}, J.~P. and {Reach}, W.~T. and {Rebolo}, R. and {Reinecke}, M. and {Remazeilles}, M. and {Renault}, C. and {Renzi}, A. and {Ristorcelli}, I. and {Rocha}, G. and {Rosset}, C. and {Rossetti}, M. and {Roudier}, G. and {Rouill{\'e} d'Orfeuil}, B. and {Rowan-Robinson}, M. and {Rubi{\~n}o-Mart{\'\i}n}, J.~A. and {Rusholme}, B. and {Said}, N. and {Salvatelli}, V. and {Salvati}, L. and {Sandri}, M. and {Santos}, D. and {Savelainen}, M. and {Savini}, G. and {Scott}, D. and {Seiffert}, M.~D. and {Serra}, P. and {Shellard}, E.~P.~S. and {Spencer}, L.~D. and {Spinelli}, M. and {Stolyarov}, V. and {Stompor}, R. and {Sudiwala}, R. and {Sunyaev}, R. and {Sutton}, D. and {Suur-Uski}, A. -S. and {Sygnet}, J. -F. and {Tauber}, J.~A. and {Terenzi}, L. and {Toffolatti}, L. and {Tomasi}, M. and {Tristram}, M. and {Trombetti}, T. and {Tucci}, M. and {Tuovinen}, J. and {T{\"u}rler}, M. and {Umana}, G. and {Valenziano}, L. and {Valiviita}, J. and {Van Tent}, F. and {Vielva}, P. and {Villa}, F. and {Wade}, L.~A. and {Wandelt}, B.~D. and {Wehus}, I.~K. and {White}, M. and {White}, S.~D.~M. and {Wilkinson}, A. and {Yvon}, D. and {Zacchei}, A. and {Zonca}, A.},
        title = "{Planck 2015 results. XIII. Cosmological parameters}",
      journal = {\aap},
     keywords = {cosmology: observations, cosmology: theory, cosmic background radiation, cosmological parameters, Astrophysics - Cosmology and Nongalactic Astrophysics},
         year = 2016,
        month = sep,
       volume = {594},
          eid = {A13},
        pages = {A13},
          doi = {10.1051/0004-6361/201525830},
archivePrefix = {arXiv},
       eprint = {1502.01589},
 primaryClass = {astro-ph.CO},
       adsurl = {https://ui.adsabs.harvard.edu/abs/2016A&A...594A..13P},
      adsnote = {Provided by the SAO/NASA Astrophysics Data System}
}

@ARTICLE{Rykoff2014,
       author = {{Rykoff}, E.~S. and {Rozo}, E. and {Busha}, M.~T. and {Cunha}, C.~E. and {Finoguenov}, A. and {Evrard}, A. and {Hao}, J. and {Koester}, B.~P. and {Leauthaud}, A. and {Nord}, B. and {Pierre}, M. and {Reddick}, R. and {Sadibekova}, T. and {Sheldon}, E.~S. and {Wechsler}, R.~H.},
        title = "{redMaPPer. I. Algorithm and SDSS DR8 Catalog}",
      journal = {\apj},
     keywords = {galaxies: clusters: general, Astrophysics - Cosmology and Nongalactic Astrophysics},
         year = 2014,
        month = apr,
       volume = {785},
       number = {2},
          eid = {104},
        pages = {104},
          doi = {10.1088/0004-637X/785/2/104},
archivePrefix = {arXiv},
       eprint = {1303.3562},
 primaryClass = {astro-ph.CO},
       adsurl = {https://ui.adsabs.harvard.edu/abs/2014ApJ...785..104R},
      adsnote = {Provided by the SAO/NASA Astrophysics Data System}
}

@ARTICLE{York2000,
       author = {{York}, Donald G. and {Adelman}, J. and {Anderson}, John E., Jr. and {Anderson}, Scott F. and {Annis}, James and {Bahcall}, Neta A. and {Bakken}, J.~A. and {Barkhouser}, Robert and {Bastian}, Steven and {Berman}, Eileen and {Boroski}, William N. and {Bracker}, Steve and {Briegel}, Charlie and {Briggs}, John W. and {Brinkmann}, J. and {Brunner}, Robert and {Burles}, Scott and {Carey}, Larry and {Carr}, Michael A. and {Castander}, Francisco J. and {Chen}, Bing and {Colestock}, Patrick L. and {Connolly}, A.~J. and {Crocker}, J.~H. and {Csabai}, Istv{\'a}n and {Czarapata}, Paul C. and {Davis}, John Eric and {Doi}, Mamoru and {Dombeck}, Tom and {Eisenstein}, Daniel and {Ellman}, Nancy and {Elms}, Brian R. and {Evans}, Michael L. and {Fan}, Xiaohui and {Federwitz}, Glenn R. and {Fiscelli}, Larry and {Friedman}, Scott and {Frieman}, Joshua A. and {Fukugita}, Masataka and {Gillespie}, Bruce and {Gunn}, James E. and {Gurbani}, Vijay K. and {de Haas}, Ernst and {Haldeman}, Merle and {Harris}, Frederick H. and {Hayes}, J. and {Heckman}, Timothy M. and {Hennessy}, G.~S. and {Hindsley}, Robert B. and {Holm}, Scott and {Holmgren}, Donald J. and {Huang}, Chi-hao and {Hull}, Charles and {Husby}, Don and {Ichikawa}, Shin-Ichi and {Ichikawa}, Takashi and {Ivezi{\'c}}, {\v{Z}}eljko and {Kent}, Stephen and {Kim}, Rita S.~J. and {Kinney}, E. and {Klaene}, Mark and {Kleinman}, A.~N. and {Kleinman}, S. and {Knapp}, G.~R. and {Korienek}, John and {Kron}, Richard G. and {Kunszt}, Peter Z. and {Lamb}, D.~Q. and {Lee}, B. and {Leger}, R. French and {Limmongkol}, Siriluk and {Lindenmeyer}, Carl and {Long}, Daniel C. and {Loomis}, Craig and {Loveday}, Jon and {Lucinio}, Rich and {Lupton}, Robert H. and {MacKinnon}, Bryan and {Mannery}, Edward J. and {Mantsch}, P.~M. and {Margon}, Bruce and {McGehee}, Peregrine and {McKay}, Timothy A. and {Meiksin}, Avery and {Merelli}, Aronne and {Monet}, David G. and {Munn}, Jeffrey A. and {Narayanan}, Vijay K. and {Nash}, Thomas and {Neilsen}, Eric and {Neswold}, Rich and {Newberg}, Heidi Jo and {Nichol}, R.~C. and {Nicinski}, Tom and {Nonino}, Mario and {Okada}, Norio and {Okamura}, Sadanori and {Ostriker}, Jeremiah P. and {Owen}, Russell and {Pauls}, A. George and {Peoples}, John and {Peterson}, R.~L. and {Petravick}, Donald and {Pier}, Jeffrey R. and {Pope}, Adrian and {Pordes}, Ruth and {Prosapio}, Angela and {Rechenmacher}, Ron and {Quinn}, Thomas R. and {Richards}, Gordon T. and {Richmond}, Michael W. and {Rivetta}, Claudio H. and {Rockosi}, Constance M. and {Ruthmansdorfer}, Kurt and {Sandford}, Dale and {Schlegel}, David J. and {Schneider}, Donald P. and {Sekiguchi}, Maki and {Sergey}, Gary and {Shimasaku}, Kazuhiro and {Siegmund}, Walter A. and {Smee}, Stephen and {Smith}, J. Allyn and {Snedden}, S. and {Stone}, R. and {Stoughton}, Chris and {Strauss}, Michael A. and {Stubbs}, Christopher and {SubbaRao}, Mark and {Szalay}, Alexander S. and {Szapudi}, Istvan and {Szokoly}, Gyula P. and {Thakar}, Anirudda R. and {Tremonti}, Christy and {Tucker}, Douglas L. and {Uomoto}, Alan and {Vanden Berk}, Dan and {Vogeley}, Michael S. and {Waddell}, Patrick and {Wang}, Shu-i. and {Watanabe}, Masaru and {Weinberg}, David H. and {Yanny}, Brian and {Yasuda}, Naoki and {SDSS Collaboration}},
        title = "{The Sloan Digital Sky Survey: Technical Summary}",
      journal = {\aj},
     keywords = {Cosmology: Observations, Instrumentation: Miscellaneous, Astrophysics},
         year = 2000,
        month = sep,
       volume = {120},
       number = {3},
        pages = {1579-1587},
          doi = {10.1086/301513},
archivePrefix = {arXiv},
       eprint = {astro-ph/0006396},
 primaryClass = {astro-ph},
       adsurl = {https://ui.adsabs.harvard.edu/abs/2000AJ....120.1579Y},
      adsnote = {Provided by the SAO/NASA Astrophysics Data System}
}

@ARTICLE{Aihara2011,
       author = {{Aihara}, Hiroaki and {Allende Prieto}, Carlos and {An}, Deokkeun and {Anderson}, Scott F. and {Aubourg}, {\'E}ric and {Balbinot}, Eduardo and {Beers}, Timothy C. and {Berlind}, Andreas A. and {Bickerton}, Steven J. and {Bizyaev}, Dmitry and {Blanton}, Michael R. and {Bochanski}, John J. and {Bolton}, Adam S. and {Bovy}, Jo and {Brandt}, W.~N. and {Brinkmann}, J. and {Brown}, Peter J. and {Brownstein}, Joel R. and {Busca}, Nicolas G. and {Campbell}, Heather and {Carr}, Michael A. and {Chen}, Yanmei and {Chiappini}, Cristina and {Comparat}, Johan and {Connolly}, Natalia and {Cortes}, Marina and {Croft}, Rupert A.~C. and {Cuesta}, Antonio J. and {da Costa}, Luiz N. and {Davenport}, James R.~A. and {Dawson}, Kyle and {Dhital}, Saurav and {Ealet}, Anne and {Ebelke}, Garrett L. and {Edmondson}, Edward M. and {Eisenstein}, Daniel J. and {Escoffier}, Stephanie and {Esposito}, Massimiliano and {Evans}, Michael L. and {Fan}, Xiaohui and {Femen{\'\i}a Castell{\'a}}, Bruno and {Font-Ribera}, Andreu and {Frinchaboy}, Peter M. and {Ge}, Jian and {Gillespie}, Bruce A. and {Gilmore}, G. and {Gonz{\'a}lez Hern{\'a}ndez}, Jonay I. and {Gott}, J. Richard and {Gould}, Andrew and {Grebel}, Eva K. and {Gunn}, James E. and {Hamilton}, Jean-Christophe and {Harding}, Paul and {Harris}, David W. and {Hawley}, Suzanne L. and {Hearty}, Frederick R. and {Ho}, Shirley and {Hogg}, David W. and {Holtzman}, Jon A. and {Honscheid}, Klaus and {Inada}, Naohisa and {Ivans}, Inese I. and {Jiang}, Linhua and {Johnson}, Jennifer A. and {Jordan}, Cathy and {Jordan}, Wendell P. and {Kazin}, Eyal A. and {Kirkby}, David and {Klaene}, Mark A. and {Knapp}, G.~R. and {Kneib}, Jean-Paul and {Kochanek}, C.~S. and {Koesterke}, Lars and {Kollmeier}, Juna A. and {Kron}, Richard G. and {Lampeitl}, Hubert and {Lang}, Dustin and {Le Goff}, Jean-Marc and {Lee}, Young Sun and {Lin}, Yen-Ting and {Long}, Daniel C. and {Loomis}, Craig P. and {Lucatello}, Sara and {Lundgren}, Britt and {Lupton}, Robert H. and {Ma}, Zhibo and {MacDonald}, Nicholas and {Mahadevan}, Suvrath and {Maia}, Marcio A.~G. and {Makler}, Martin and {Malanushenko}, Elena and {Malanushenko}, Viktor and {Mandelbaum}, Rachel and {Maraston}, Claudia and {Margala}, Daniel and {Masters}, Karen L. and {McBride}, Cameron K. and {McGehee}, Peregrine M. and {McGreer}, Ian D. and {M{\'e}nard}, Brice and {Miralda-Escud{\'e}}, Jordi and {Morrison}, Heather L. and {Mullally}, F. and {Muna}, Demitri and {Munn}, Jeffrey A. and {Murayama}, Hitoshi and {Myers}, Adam D. and {Naugle}, Tracy and {Neto}, Angelo Fausti and {Nguyen}, Duy Cuong and {Nichol}, Robert C. and {O'Connell}, Robert W. and {Ogando}, Ricardo L.~C. and {Olmstead}, Matthew D. and {Oravetz}, Daniel J. and {Padmanabhan}, Nikhil and {Palanque-Delabrouille}, Nathalie and {Pan}, Kaike and {Pandey}, Parul and {P{\^a}ris}, Isabelle and {Percival}, Will J. and {Petitjean}, Patrick and {Pfaffenberger}, Robert and {Pforr}, Janine and {Phleps}, Stefanie and {Pichon}, Christophe and {Pieri}, Matthew M. and {Prada}, Francisco and {Price-Whelan}, Adrian M. and {Raddick}, M. Jordan and {Ramos}, Beatriz H.~F. and {Reyl{\'e}}, C{\'e}line and {Rich}, James and {Richards}, Gordon T. and {Rix}, Hans-Walter and {Robin}, Annie C. and {Rocha-Pinto}, Helio J. and {Rockosi}, Constance M. and {Roe}, Natalie A. and {Rollinde}, Emmanuel and {Ross}, Ashley J. and {Ross}, Nicholas P. and {Rossetto}, Bruno M. and {S{\'a}nchez}, Ariel G. and {Sayres}, Conor and {Schlegel}, David J. and {Schlesinger}, Katharine J. and {Schmidt}, Sarah J. and {Schneider}, Donald P. and {Sheldon}, Erin and {Shu}, Yiping and {Simmerer}, Jennifer and {Simmons}, Audrey E. and {Sivarani}, Thirupathi and {Snedden}, Stephanie A. and {Sobeck}, Jennifer S. and {Steinmetz}, Matthias and {Strauss}, Michael A. and {Szalay}, Alexander S. and {Tanaka}, Masayuki and {Thakar}, Aniruddha R. and {Thomas}, Daniel and {Tinker}, Jeremy L. and {Tofflemire}, Benjamin M. and {Tojeiro}, Rita and {Tremonti}, Christy A. and {Vandenberg}, Jan and {Vargas Maga{\~n}a}, M. and {Verde}, Licia and {Vogt}, Nicole P. and {Wake}, David A. and {Wang}, Ji and {Weaver}, Benjamin A. and {Weinberg}, David H. and {White}, Martin and {White}, Simon D.~M. and {Yanny}, Brian and {Yasuda}, Naoki and {Yeche}, Christophe and {Zehavi}, Idit},
        title = "{The Eighth Data Release of the Sloan Digital Sky Survey: First Data from SDSS-III}",
      journal = {\apjs},
     keywords = {atlases, catalogs, surveys, Astrophysics - Instrumentation and Methods for Astrophysics},
         year = 2011,
        month = apr,
       volume = {193},
       number = {2},
          eid = {29},
        pages = {29},
          doi = {10.1088/0067-0049/193/2/29},
archivePrefix = {arXiv},
       eprint = {1101.1559},
 primaryClass = {astro-ph.IM},
       adsurl = {https://ui.adsabs.harvard.edu/abs/2011ApJS..193...29A},
      adsnote = {Provided by the SAO/NASA Astrophysics Data System}
}

@ARTICLE{Maraston2009,
       author = {{Maraston}, Claudia and {Str{\"o}mb{\"a}ck}, G. and {Thomas}, D. and {Wake}, D.~A. and {Nichol}, R.~C.},
        title = "{Modelling the colour evolution of luminous red galaxies - improvements with empirical stellar spectra}",
      journal = {\mnras},
     keywords = {galaxies: evolution, galaxies: high-redshift, galaxies: stellar content, cosmology: observations, Astrophysics},
         year = 2009,
        month = mar,
       volume = {394},
       number = {1},
        pages = {L107-L111},
          doi = {10.1111/j.1745-3933.2009.00621.x},
archivePrefix = {arXiv},
       eprint = {0809.1867},
 primaryClass = {astro-ph},
       adsurl = {https://ui.adsabs.harvard.edu/abs/2009MNRAS.394L.107M},
      adsnote = {Provided by the SAO/NASA Astrophysics Data System}
}

@ARTICLE{Mancone2012,
       author = {{Mancone}, Conor L. and {Gonzalez}, Anthony H.},
        title = "{EzGal: A Flexible Interface for Stellar Population Synthesis Models}",
      journal = {\pasp},
     keywords = {Astrophysics - Instrumentation and Methods for Astrophysics, Astrophysics - Cosmology and Nongalactic Astrophysics},
         year = 2012,
        month = jun,
       volume = {124},
       number = {916},
        pages = {606},
          doi = {10.1086/666502},
archivePrefix = {arXiv},
       eprint = {1205.0009},
 primaryClass = {astro-ph.IM},
       adsurl = {https://ui.adsabs.harvard.edu/abs/2012PASP..124..606M},
      adsnote = {Provided by the SAO/NASA Astrophysics Data System}
}

@ARTICLE{Chen2012,
       author = {{Chen}, Yan-Mei and {Kauffmann}, Guinevere and {Tremonti}, Christy A. and {White}, Simon and {Heckman}, Timothy M. and {Kova{\v{c}}}, Katarina and {Bundy}, Kevin and {Chisholm}, John and {Maraston}, Claudia and {Schneider}, Donald P. and {Bolton}, Adam S. and {Weaver}, Benjamin A. and {Brinkmann}, Jon},
        title = "{Evolution of the most massive galaxies to z= 0.6 - I. A new method for physical parameter estimation}",
      journal = {\mnras},
     keywords = {galaxies: evolution, galaxies: star formation, Astrophysics - Astrophysics of Galaxies},
         year = 2012,
        month = mar,
       volume = {421},
       number = {1},
        pages = {314-332},
          doi = {10.1111/j.1365-2966.2011.20306.x},
archivePrefix = {arXiv},
       eprint = {1108.4719},
 primaryClass = {astro-ph.GA},
       adsurl = {https://ui.adsabs.harvard.edu/abs/2012MNRAS.421..314C},
      adsnote = {Provided by the SAO/NASA Astrophysics Data System}
}

@ARTICLE{Huang2021,
       author = {{Huang}, Song and {Leauthaud}, Alexie and {Bradshaw}, Christopher and {Hearin}, Andrew and {Behroozi}, Peter and {Lange}, Johannes and {Greene}, Jenny and {DeRose}, Joseph and {Speagle}, Joshua S. and {Xhakaj}, Enia},
        title = "{The Outer Stellar Mass of Massive Galaxies: A Simple Tracer of Halo Mass with Scatter Comparable to Richness and Reduced Projection Effects}",
      journal = {arXiv e-prints},
     keywords = {Astrophysics - Astrophysics of Galaxies, Astrophysics - Cosmology and Nongalactic Astrophysics},
         year = 2021,
        month = sep,
          eid = {arXiv:2109.02646},
        pages = {arXiv:2109.02646},
archivePrefix = {arXiv},
       eprint = {2109.02646},
 primaryClass = {astro-ph.GA},
       adsurl = {https://ui.adsabs.harvard.edu/abs/2021arXiv210902646H},
      adsnote = {Provided by the SAO/NASA Astrophysics Data System}
}

@ARTICLE{Wright2000,
       author = {{Wright}, Candace Oaxaca and {Brainerd}, Tereasa G.},
        title = "{Gravitational Lensing by NFW Halos}",
      journal = {\apj},
     keywords = {COSMOLOGY: THEORY, COSMOLOGY: DARK MATTER, GALAXIES: CLUSTERS: GENERAL, COSMOLOGY: GRAVITATIONAL LENSING},
         year = 2000,
        month = may,
       volume = {534},
       number = {1},
        pages = {34-40},
          doi = {10.1086/308744},
       adsurl = {https://ui.adsabs.harvard.edu/abs/2000ApJ...534...34W},
      adsnote = {Provided by the SAO/NASA Astrophysics Data System}
}

@ARTICLE{Bertin1996,
       author = {{Bertin}, E. and {Arnouts}, S.},
        title = "{SExtractor: Software for source extraction.}",
      journal = {\aaps},
     keywords = {METHODS: DATA ANALYSIS, TECHNIQUES: IMAGE PROCESSING, GALAXIES: PHOTOMETRY},
         year = 1996,
        month = jun,
       volume = {117},
        pages = {393-404},
          doi = {10.1051/aas:1996164},
       adsurl = {https://ui.adsabs.harvard.edu/abs/1996A&AS..117..393B},
      adsnote = {Provided by the SAO/NASA Astrophysics Data System}
}

@article{Efron1981,
	author = {B. Efron and C. Stein},
	title = {{The Jackknife Estimate of Variance}},
	volume = {9},
	journal = {The Annals of Statistics},
	number = {3},
	publisher = {Institute of Mathematical Statistics},
	pages = {586 -- 596},
	keywords = {$U$ statistics, ANOVA decomposition, bootstrap, jackknife, variance estimation},
	year = {1981},
	doi = {10.1214/aos/1176345462},
	URL = {https://doi.org/10.1214/aos/1176345462}
}

@BOOK{Efron1982,
       author = {{Efron}, Bradley},
        title = "{The Jackknife, the Bootstrap and other resampling plans}",
         year = 1982,
       adsurl = {https://ui.adsabs.harvard.edu/abs/1982jbor.book.....E},
      adsnote = {Provided by the SAO/NASA Astrophysics Data System}
}

@ARTICLE{Zhang2019,
       author = {{Zhang}, Y. and {Yanny}, B. and {Palmese}, A. and {Gruen}, D. and {To}, C. and {Rykoff}, E.~S. and {Leung}, Y. and {Collins}, C. and {Hilton}, M. and {Abbott}, T.~M.~C. and {Annis}, J. and {Avila}, S. and {Bertin}, E. and {Brooks}, D. and {Burke}, D.~L. and {Carnero Rosell}, A. and {Carrasco Kind}, M. and {Carretero}, J. and {Cunha}, C.~E. and {D'Andrea}, C.~B. and {da Costa}, L.~N. and {De Vicente}, J. and {Desai}, S. and {Diehl}, H.~T. and {Dietrich}, J.~P. and {Doel}, P. and {Drlica-Wagner}, A. and {Eifler}, T.~F. and {Evrard}, A.~E. and {Flaugher}, B. and {Fosalba}, P. and {Frieman}, J. and {Garc{\'\i}a-Bellido}, J. and {Gaztanaga}, E. and {Gerdes}, D.~W. and {Gruendl}, R.~A. and {Gschwend}, J. and {Gutierrez}, G. and {Hartley}, W.~G. and {Hollowood}, D.~L. and {Honscheid}, K. and {Hoyle}, B. and {James}, D.~J. and {Jeltema}, T. and {Kuehn}, K. and {Kuropatkin}, N. and {Li}, T.~S. and {Lima}, M. and {Maia}, M.~A.~G. and {March}, M. and {Marshall}, J.~L. and {Melchior}, P. and {Menanteau}, F. and {Miller}, C.~J. and {Miquel}, R. and {Mohr}, J.~J. and {Ogando}, R.~L.~C. and {Plazas}, A.~A. and {Romer}, A.~K. and {Sanchez}, E. and {Scarpine}, V. and {Schubnell}, M. and {Serrano}, S. and {Sevilla-Noarbe}, I. and {Smith}, M. and {Soares-Santos}, M. and {Sobreira}, F. and {Suchyta}, E. and {Swanson}, M.~E.~C. and {Tarle}, G. and {Thomas}, D. and {Wester}, W. and {DES Collaboration}},
        title = "{Dark Energy Survey Year 1 Results: Detection of Intracluster Light at Redshift {\ensuremath{\sim}} 0.25}",
      journal = {\apj},
     keywords = {galaxies: clusters: general, galaxies: evolution, Astrophysics - Cosmology and Nongalactic Astrophysics, Astrophysics - Astrophysics of Galaxies},
         year = 2019,
        month = apr,
       volume = {874},
       number = {2},
          eid = {165},
        pages = {165},
          doi = {10.3847/1538-4357/ab0dfd},
archivePrefix = {arXiv},
       eprint = {1812.04004},
 primaryClass = {astro-ph.CO},
       adsurl = {https://ui.adsabs.harvard.edu/abs/2019ApJ...874..165Z},
      adsnote = {Provided by the SAO/NASA Astrophysics Data System}
}

@ARTICLE{Yang2012,
       author = {{Yang}, Xiaohu and {Mo}, H.~J. and {van den Bosch}, Frank C. and {Zhang}, Youcai and {Han}, Jiaxin},
        title = "{Evolution of the Galaxy-Dark Matter Connection and the Assembly of Galaxies in Dark Matter Halos}",
      journal = {\apj},
     keywords = {dark matter, galaxies: halos, large-scale structure of universe, Astrophysics - Cosmology and Nongalactic Astrophysics, Astrophysics - Astrophysics of Galaxies},
         year = 2012,
        month = jun,
       volume = {752},
       number = {1},
          eid = {41},
        pages = {41},
          doi = {10.1088/0004-637X/752/1/41},
archivePrefix = {arXiv},
       eprint = {1110.1420},
 primaryClass = {astro-ph.CO},
       adsurl = {https://ui.adsabs.harvard.edu/abs/2012ApJ...752...41Y},
      adsnote = {Provided by the SAO/NASA Astrophysics Data System}
}

@ARTICLE{Johnston2007,
       author = {{Johnston}, David E. and {Sheldon}, Erin S. and {Wechsler}, Risa H. and {Rozo}, Eduardo and {Koester}, Benjamin P. and {Frieman}, Joshua A. and {McKay}, Timothy A. and {Evrard}, August E. and {Becker}, Matthew R. and {Annis}, James},
        title = "{Cross-correlation Weak Lensing of SDSS galaxy Clusters II: Cluster Density Profiles and the Mass--Richness Relation}",
      journal = {arXiv e-prints},
     keywords = {Astrophysics},
         year = 2007,
        month = sep,
          eid = {arXiv:0709.1159},
        pages = {arXiv:0709.1159},
archivePrefix = {arXiv},
       eprint = {0709.1159},
 primaryClass = {astro-ph},
       adsurl = {https://ui.adsabs.harvard.edu/abs/2007arXiv0709.1159J},
      adsnote = {Provided by the SAO/NASA Astrophysics Data System}
}

@ARTICLE{Oguri2011,
       author = {{Oguri}, Masamune and {Takada}, Masahiro},
        title = "{Combining cluster observables and stacked weak lensing to probe dark energy: Self-calibration of systematic uncertainties}",
      journal = {\prd},
     keywords = {95.36.+x, 98.62.Sb, 98.65.Cw, Dark energy, Gravitational lenses and luminous arcs, Galaxy clusters, Astrophysics - Cosmology and Nongalactic Astrophysics},
         year = 2011,
        month = jan,
       volume = {83},
       number = {2},
          eid = {023008},
        pages = {023008},
          doi = {10.1103/PhysRevD.83.023008},
archivePrefix = {arXiv},
       eprint = {1010.0744},
 primaryClass = {astro-ph.CO},
       adsurl = {https://ui.adsabs.harvard.edu/abs/2011PhRvD..83b3008O},
      adsnote = {Provided by the SAO/NASA Astrophysics Data System}
}

@ARTICLE{Rozo2014,
       author = {{Rozo}, E. and {Rykoff}, E.~S.},
        title = "{redMaPPer II: X-Ray and SZ Performance Benchmarks for the SDSS Catalog}",
      journal = {\apj},
     keywords = {galaxies: clusters: general, Astrophysics - Cosmology and Nongalactic Astrophysics},
         year = 2014,
        month = mar,
       volume = {783},
       number = {2},
          eid = {80},
        pages = {80},
          doi = {10.1088/0004-637X/783/2/80},
archivePrefix = {arXiv},
       eprint = {1303.3373},
 primaryClass = {astro-ph.CO},
       adsurl = {https://ui.adsabs.harvard.edu/abs/2014ApJ...783...80R},
      adsnote = {Provided by the SAO/NASA Astrophysics Data System}
}

@ARTICLE{Hollowood2019,
       author = {{Hollowood}, Devon L. and {Jeltema}, Tesla and {Chen}, Xinyi and {Farahi}, Arya and {Evrard}, August and {Everett}, Spencer and {Rozo}, Eduardo and {Rykoff}, Eli and {Bernstein}, Rebecca and {Bermeo-Hernandez}, Alberto and {Eiger}, Lena and {Giles}, Paul and {Israel}, Holger and {Michel}, Renee and {Noorali}, Raziq and {Romer}, A. Kathy and {Rooney}, Philip and {Splettstoesser}, Megan},
        title = "{Chandra Follow-up of the SDSS DR8 Redmapper Catalog Using the MATCha Pipeline}",
      journal = {\apjs},
     keywords = {cosmology: observations, dark energy, galaxies: clusters: general, X-rays: galaxies: clusters, Astrophysics - Cosmology and Nongalactic Astrophysics, Astrophysics - High Energy Astrophysical Phenomena},
         year = 2019,
        month = oct,
       volume = {244},
       number = {2},
          eid = {22},
        pages = {22},
          doi = {10.3847/1538-4365/ab3d27},
archivePrefix = {arXiv},
       eprint = {1808.06637},
 primaryClass = {astro-ph.CO},
       adsurl = {https://ui.adsabs.harvard.edu/abs/2019ApJS..244...22H},
      adsnote = {Provided by the SAO/NASA Astrophysics Data System}
}

@ARTICLE{Zu2021b,
       author = {{Zu}, Ying and {Song}, Yunjia and {Shao}, Zhiwei and {Chen}, Xiaokai and {Zheng}, Yun and {Gao}, Hongyu and {Yu}, Yu and {Shan}, Huanyuan and {Jing}, Yipeng},
        title = "{Strong Conformity and Assembly Bias: Towards a Physical Understanding of the Galaxy-Halo Connection in SDSS Clusters}",
      journal = {arXiv e-prints},
     keywords = {Astrophysics - Cosmology and Nongalactic Astrophysics, Astrophysics - Astrophysics of Galaxies},
         year = 2021,
        month = aug,
          eid = {arXiv:2108.06790},
        pages = {arXiv:2108.06790},
archivePrefix = {arXiv},
       eprint = {2108.06790},
 primaryClass = {astro-ph.CO},
       adsurl = {https://ui.adsabs.harvard.edu/abs/2021arXiv210806790Z},
      adsnote = {Provided by the SAO/NASA Astrophysics Data System}
}

@ARTICLE{Zu2021,
       author = {{Zu}, Ying and {Shan}, Huanyuan and {Zhang}, Jun and {Singh}, Sukhdeep and {Shao}, Zhiwei and {Chen}, Xiaokai and {Yao}, Ji and {Golden-Marx}, Jesse B. and {Cui}, Weiguang and {Jullo}, Eric and {Kneib}, Jean-Paul and {Zhang}, Pengjie and {Yang}, Xiaohu},
        title = "{Does concentration drive the scatter in the stellar-to-halo mass relation of galaxy clusters?}",
      journal = {\mnras},
     keywords = {gravitational lensing: weak, galaxies: formation, large-scale structure of Universe, Astrophysics - Cosmology and Nongalactic Astrophysics, Astrophysics - Astrophysics of Galaxies},
         year = 2021,
        month = aug,
       volume = {505},
       number = {4},
        pages = {5117-5128},
          doi = {10.1093/mnras/stab1712},
archivePrefix = {arXiv},
       eprint = {2012.08629},
 primaryClass = {astro-ph.CO},
       adsurl = {https://ui.adsabs.harvard.edu/abs/2021MNRAS.505.5117Z},
      adsnote = {Provided by the SAO/NASA Astrophysics Data System}
}

@ARTICLE{Bahcall2003,
       author = {{Bahcall}, Neta A. and {McKay}, Timothy A. and {Annis}, James and {Kim}, Rita S.~J. and {Dong}, Feng and {Hansen}, Sarah and {Goto}, Tomo and {Gunn}, James E. and {Miller}, Chris and {Nichol}, R.~C. and {Postman}, Marc and {Schneider}, Don and {Schroeder}, Josh and {Voges}, Wolfgang and {Brinkmann}, Jon and {Fukugita}, Masataka},
        title = "{A Merged Catalog of Clusters of Galaxies from Early Sloan Digital Sky Survey Data}",
      journal = {\apjs},
     keywords = {Catalogs, Cosmology: Observations, Cosmology: Theory- Galaxies: Clusters: General, Cosmology: Large-Scale Structure of Universe, Astrophysics},
         year = 2003,
        month = oct,
       volume = {148},
       number = {2},
        pages = {243-274},
          doi = {10.1086/377167},
archivePrefix = {arXiv},
       eprint = {astro-ph/0305202},
 primaryClass = {astro-ph},
       adsurl = {https://ui.adsabs.harvard.edu/abs/2003ApJS..148..243B},
      adsnote = {Provided by the SAO/NASA Astrophysics Data System}
}

@INPROCEEDINGS{Annis1999,
       author = {{Annis}, J. and {Kent}, S. and {Castander}, F. and {Eisenstein}, D. and {Gunn}, J. and {Kim}, R. and {Lupton}, R. and {Nichol}, R. and {Postman}, M. and {Voges}, W. and {SDSS Collaboration}},
        title = "{The maxBCG technique for finding galaxy clusters in SDSS data}",
    booktitle = {American Astronomical Society Meeting Abstracts},
         year = 1999,
       series = {American Astronomical Society Meeting Abstracts},
       volume = {195},
        month = dec,
          eid = {12.02},
        pages = {12.02},
       adsurl = {https://ui.adsabs.harvard.edu/abs/1999AAS...195.1202A},
      adsnote = {Provided by the SAO/NASA Astrophysics Data System}
}

@ARTICLE{Blanton2011,
       author = {{Blanton}, Michael R. and {Kazin}, Eyal and {Muna}, Demitri and {Weaver}, Benjamin A. and {Price-Whelan}, Adrian},
        title = "{Improved Background Subtraction for the Sloan Digital Sky Survey Images}",
      journal = {\aj},
     keywords = {atmospheric effects, galaxies: photometry, methods: data analysis, techniques: image processing, Astrophysics - Instrumentation and Methods for Astrophysics},
         year = 2011,
        month = jul,
       volume = {142},
       number = {1},
          eid = {31},
        pages = {31},
          doi = {10.1088/0004-6256/142/1/31},
archivePrefix = {arXiv},
       eprint = {1105.1960},
 primaryClass = {astro-ph.IM},
       adsurl = {https://ui.adsabs.harvard.edu/abs/2011AJ....142...31B},
      adsnote = {Provided by the SAO/NASA Astrophysics Data System}
}

@ARTICLE{Bernardi2007,
       author = {{Bernardi}, Mariangela and {Hyde}, Joseph B. and {Sheth}, Ravi K. and {Miller}, Chris J. and {Nichol}, Robert C.},
        title = "{The Luminosities, Sizes, and Velocity Dispersions of Brightest Cluster Galaxies: Implications for Formation History}",
      journal = {\aj},
     keywords = {galaxies: elliptical and lenticular, cD, galaxies: evolution, galaxies: fundamental parameters, galaxies: photometry, galaxies: stellar content, Astrophysics},
         year = 2007,
        month = apr,
       volume = {133},
       number = {4},
        pages = {1741-1755},
          doi = {10.1086/511783},
archivePrefix = {arXiv},
       eprint = {astro-ph/0607117},
 primaryClass = {astro-ph},
       adsurl = {https://ui.adsabs.harvard.edu/abs/2007AJ....133.1741B},
      adsnote = {Provided by the SAO/NASA Astrophysics Data System}
}

@ARTICLE{Bernardi2013,
       author = {{Bernardi}, M. and {Meert}, A. and {Sheth}, R.~K. and {Vikram}, V. and {Huertas-Company}, M. and {Mei}, S. and {Shankar}, F.},
        title = "{The massive end of the luminosity and stellar mass functions: dependence on the fit to the light profile}",
      journal = {\mnras},
     keywords = {galaxies: fundamental parameters, galaxies: luminosity function, mass function, galaxies: photometry, Astrophysics - Cosmology and Nongalactic Astrophysics},
         year = 2013,
        month = nov,
       volume = {436},
       number = {1},
        pages = {697-704},
          doi = {10.1093/mnras/stt1607},
archivePrefix = {arXiv},
       eprint = {1304.7778},
 primaryClass = {astro-ph.CO},
       adsurl = {https://ui.adsabs.harvard.edu/abs/2013MNRAS.436..697B},
      adsnote = {Provided by the SAO/NASA Astrophysics Data System}
}

@ARTICLE{Kravtsov2018,
       author = {{Kravtsov}, A.~V. and {Vikhlinin}, A.~A. and {Meshcheryakov}, A.~V.},
        title = "{Stellar Mass{\textemdash}Halo Mass Relation and Star Formation Efficiency in High-Mass Halos}",
      journal = {Astronomy Letters},
     keywords = {galaxy clusters, dark matter, stellar mass, star formation, Astrophysics - Cosmology and Nongalactic Astrophysics},
         year = 2018,
        month = jan,
       volume = {44},
       number = {1},
        pages = {8-34},
          doi = {10.1134/S1063773717120015},
archivePrefix = {arXiv},
       eprint = {1401.7329},
 primaryClass = {astro-ph.CO},
       adsurl = {https://ui.adsabs.harvard.edu/abs/2018AstL...44....8K},
      adsnote = {Provided by the SAO/NASA Astrophysics Data System}
}




